%YAML 1.1
%TAG !u! tag:unity3d.com,2011:
--- !u!1 &756837866422505502
GameObject:
  m_ObjectHideFlags: 0
  m_CorrespondingSourceObject: {fileID: 0}
  m_PrefabInstance: {fileID: 0}
  m_PrefabAsset: {fileID: 0}
  serializedVersion: 6
  m_Component:
  - component: {fileID: 7983922714496550271}
  - component: {fileID: 4972158554428262791}
  - component: {fileID: 3454642395683643213}
  - component: {fileID: 7121622567247483479}
  - component: {fileID: 2496095630593470827}
  m_Layer: 0
  m_Name: comprovaGrounded
  m_TagString: Untagged
  m_Icon: {fileID: 0}
  m_NavMeshLayer: 0
  m_StaticEditorFlags: 0
  m_IsActive: 1
--- !u!4 &7983922714496550271
Transform:
  m_ObjectHideFlags: 0
  m_CorrespondingSourceObject: {fileID: 0}
  m_PrefabInstance: {fileID: 0}
  m_PrefabAsset: {fileID: 0}
  m_GameObject: {fileID: 756837866422505502}
  m_LocalRotation: {x: -0, y: -0, z: -0, w: 1}
  m_LocalPosition: {x: -2.51, y: -13.007999, z: -96.96489}
  m_LocalScale: {x: 0.54451996, y: 0.30587, z: 0.48187998}
  m_Children: []
  m_Father: {fileID: 5740305825125642726}
  m_RootOrder: 9
  m_LocalEulerAnglesHint: {x: 0, y: 0, z: 0}
--- !u!33 &4972158554428262791
MeshFilter:
  m_ObjectHideFlags: 0
  m_CorrespondingSourceObject: {fileID: 0}
  m_PrefabInstance: {fileID: 0}
  m_PrefabAsset: {fileID: 0}
  m_GameObject: {fileID: 756837866422505502}
  m_Mesh: {fileID: 10202, guid: 0000000000000000e000000000000000, type: 0}
--- !u!23 &3454642395683643213
MeshRenderer:
  m_ObjectHideFlags: 0
  m_CorrespondingSourceObject: {fileID: 0}
  m_PrefabInstance: {fileID: 0}
  m_PrefabAsset: {fileID: 0}
  m_GameObject: {fileID: 756837866422505502}
  m_Enabled: 0
  m_CastShadows: 1
  m_ReceiveShadows: 1
  m_DynamicOccludee: 1
  m_MotionVectors: 1
  m_LightProbeUsage: 1
  m_ReflectionProbeUsage: 1
  m_RayTracingMode: 2
  m_RenderingLayerMask: 1
  m_RendererPriority: 0
  m_Materials:
  - {fileID: 10303, guid: 0000000000000000f000000000000000, type: 0}
  m_StaticBatchInfo:
    firstSubMesh: 0
    subMeshCount: 0
  m_StaticBatchRoot: {fileID: 0}
  m_ProbeAnchor: {fileID: 0}
  m_LightProbeVolumeOverride: {fileID: 0}
  m_ScaleInLightmap: 1
  m_ReceiveGI: 1
  m_PreserveUVs: 0
  m_IgnoreNormalsForChartDetection: 0
  m_ImportantGI: 0
  m_StitchLightmapSeams: 1
  m_SelectedEditorRenderState: 3
  m_MinimumChartSize: 4
  m_AutoUVMaxDistance: 0.5
  m_AutoUVMaxAngle: 89
  m_LightmapParameters: {fileID: 0}
  m_SortingLayerID: 0
  m_SortingLayer: 0
  m_SortingOrder: 0
--- !u!65 &7121622567247483479
BoxCollider:
  m_ObjectHideFlags: 0
  m_CorrespondingSourceObject: {fileID: 0}
  m_PrefabInstance: {fileID: 0}
  m_PrefabAsset: {fileID: 0}
  m_GameObject: {fileID: 756837866422505502}
  m_Material: {fileID: 0}
  m_IsTrigger: 1
  m_Enabled: 1
  serializedVersion: 2
  m_Size: {x: 1, y: 1, z: 1}
  m_Center: {x: 0, y: 0, z: 0}
--- !u!114 &2496095630593470827
MonoBehaviour:
  m_ObjectHideFlags: 0
  m_CorrespondingSourceObject: {fileID: 0}
  m_PrefabInstance: {fileID: 0}
  m_PrefabAsset: {fileID: 0}
  m_GameObject: {fileID: 756837866422505502}
  m_Enabled: 1
  m_EditorHideFlags: 0
  m_Script: {fileID: 11500000, guid: e9f466ab21aed7e4b905e9fabe2dd41e, type: 3}
  m_Name: 
  m_EditorClassIdentifier: 
--- !u!1 &2554876808353276328
GameObject:
  m_ObjectHideFlags: 0
  m_CorrespondingSourceObject: {fileID: 0}
  m_PrefabInstance: {fileID: 0}
  m_PrefabAsset: {fileID: 0}
  serializedVersion: 6
  m_Component:
  - component: {fileID: 4644940023397092990}
  m_Layer: 0
  m_Name: HitBox
  m_TagString: Untagged
  m_Icon: {fileID: 0}
  m_NavMeshLayer: 0
  m_StaticEditorFlags: 0
  m_IsActive: 1
--- !u!4 &4644940023397092990
Transform:
  m_ObjectHideFlags: 0
  m_CorrespondingSourceObject: {fileID: 0}
  m_PrefabInstance: {fileID: 0}
  m_PrefabAsset: {fileID: 0}
  m_GameObject: {fileID: 2554876808353276328}
  m_LocalRotation: {x: -0, y: -0, z: -0, w: 1}
  m_LocalPosition: {x: -2.51, y: 4.8479, z: -2.75}
  m_LocalScale: {x: 0.5192944, y: 0.5192944, z: 0.5192944}
  m_Children:
  - {fileID: 4123039851079131077}
  m_Father: {fileID: 5740305825125642726}
  m_RootOrder: 6
  m_LocalEulerAnglesHint: {x: 0, y: 0, z: 0}
--- !u!1 &3289112157972928618
GameObject:
  m_ObjectHideFlags: 0
  m_CorrespondingSourceObject: {fileID: 0}
  m_PrefabInstance: {fileID: 0}
  m_PrefabAsset: {fileID: 0}
  serializedVersion: 6
  m_Component:
  - component: {fileID: 3416002621616788029}
  - component: {fileID: 3226481517161747431}
  - component: {fileID: 4142933788757015225}
  m_Layer: 0
  m_Name: HurtBox
  m_TagString: Untagged
  m_Icon: {fileID: 0}
  m_NavMeshLayer: 0
  m_StaticEditorFlags: 0
  m_IsActive: 1
--- !u!4 &3416002621616788029
Transform:
  m_ObjectHideFlags: 0
  m_CorrespondingSourceObject: {fileID: 0}
  m_PrefabInstance: {fileID: 0}
  m_PrefabAsset: {fileID: 0}
  m_GameObject: {fileID: 3289112157972928618}
  m_LocalRotation: {x: -0, y: -0, z: -0, w: 1}
  m_LocalPosition: {x: -0.37, y: 0, z: 0.07}
  m_LocalScale: {x: 3, y: 3, z: 3}
  m_Children: []
  m_Father: {fileID: 5740305825125642726}
  m_RootOrder: 7
  m_LocalEulerAnglesHint: {x: 0, y: 0, z: 0}
--- !u!114 &3226481517161747431
MonoBehaviour:
  m_ObjectHideFlags: 0
  m_CorrespondingSourceObject: {fileID: 0}
  m_PrefabInstance: {fileID: 0}
  m_PrefabAsset: {fileID: 0}
  m_GameObject: {fileID: 3289112157972928618}
  m_Enabled: 1
  m_EditorHideFlags: 0
  m_Script: {fileID: 11500000, guid: fdbbbf435e24cab4b8bbb0c371af9c28, type: 3}
  m_Name: 
  m_EditorClassIdentifier: 
--- !u!136 &4142933788757015225
CapsuleCollider:
  m_ObjectHideFlags: 0
  m_CorrespondingSourceObject: {fileID: 0}
  m_PrefabInstance: {fileID: 0}
  m_PrefabAsset: {fileID: 0}
  m_GameObject: {fileID: 3289112157972928618}
  m_Material: {fileID: 0}
  m_IsTrigger: 1
  m_Enabled: 1
  m_Radius: 0.2857763
  m_Height: 1.1914513
  m_Direction: 1
  m_Center: {x: 0.15816063, y: 0.433133, z: -0.056063086}
--- !u!1 &3912509403116216867
GameObject:
  m_ObjectHideFlags: 0
  m_CorrespondingSourceObject: {fileID: 0}
  m_PrefabInstance: {fileID: 0}
  m_PrefabAsset: {fileID: 0}
  serializedVersion: 6
  m_Component:
  - component: {fileID: 3089209404966744778}
  - component: {fileID: 4893575561453928426}
  m_Layer: 0
  m_Name: ComprovarPrecipici
  m_TagString: Untagged
  m_Icon: {fileID: 0}
  m_NavMeshLayer: 0
  m_StaticEditorFlags: 0
  m_IsActive: 1
--- !u!4 &3089209404966744778
Transform:
  m_ObjectHideFlags: 0
  m_CorrespondingSourceObject: {fileID: 0}
  m_PrefabInstance: {fileID: 0}
  m_PrefabAsset: {fileID: 0}
  m_GameObject: {fileID: 3912509403116216867}
  m_LocalRotation: {x: -0, y: -0, z: -0, w: 1}
  m_LocalPosition: {x: -2.51, y: 0, z: 0.8}
  m_LocalScale: {x: 3, y: 3, z: 3}
  m_Children: []
  m_Father: {fileID: 5740305825125642726}
  m_RootOrder: 10
  m_LocalEulerAnglesHint: {x: 0, y: 0, z: 0}
--- !u!114 &4893575561453928426
MonoBehaviour:
  m_ObjectHideFlags: 0
  m_CorrespondingSourceObject: {fileID: 0}
  m_PrefabInstance: {fileID: 0}
  m_PrefabAsset: {fileID: 0}
  m_GameObject: {fileID: 3912509403116216867}
  m_Enabled: 1
  m_EditorHideFlags: 0
  m_Script: {fileID: 11500000, guid: 217dfbfe786265440b5f64859c928301, type: 3}
  m_Name: 
  m_EditorClassIdentifier: 
  exclamacioCenital: {fileID: 0}
  exclamacioLateral: {fileID: 0}
--- !u!1 &5740305825125642725
GameObject:
  m_ObjectHideFlags: 0
  m_CorrespondingSourceObject: {fileID: 0}
  m_PrefabInstance: {fileID: 0}
  m_PrefabAsset: {fileID: 0}
  serializedVersion: 6
  m_Component:
  - component: {fileID: 5740305825125642726}
  - component: {fileID: 5577772180618114677}
  - component: {fileID: 5577772180618114679}
  - component: {fileID: 5577772180618114678}
  - component: {fileID: 5577772180618114697}
  - component: {fileID: 5577772180618114698}
  - component: {fileID: 5577772180618114696}
  - component: {fileID: 5577772180618114676}
  - component: {fileID: 5577772180618114675}
  - component: {fileID: 5577772180618114674}
  m_Layer: 0
  m_Name: Player
  m_TagString: Untagged
  m_Icon: {fileID: 0}
  m_NavMeshLayer: 0
  m_StaticEditorFlags: 0
  m_IsActive: 1
--- !u!4 &5740305825125642726
Transform:
  m_ObjectHideFlags: 0
  m_CorrespondingSourceObject: {fileID: 0}
  m_PrefabInstance: {fileID: 0}
  m_PrefabAsset: {fileID: 0}
  m_GameObject: {fileID: 5740305825125642725}
  m_LocalRotation: {x: 0, y: 0, z: 0, w: 1}
  m_LocalPosition: {x: 21.57553, y: 0.494, z: -1.318796}
  m_LocalScale: {x: 1, y: 1, z: 1}
  m_Children:
  - {fileID: 5740305827074684959}
  - {fileID: 5740305826143108848}
  - {fileID: 5740305826122608068}
  - {fileID: 5740305826353834218}
  - {fileID: 5740305825627554065}
  - {fileID: 5740305827022397354}
  - {fileID: 4644940023397092990}
  - {fileID: 3416002621616788029}
  - {fileID: 4778921374652670799}
  - {fileID: 7983922714496550271}
  - {fileID: 3089209404966744778}
  m_Father: {fileID: 0}
  m_RootOrder: 0
  m_LocalEulerAnglesHint: {x: 0, y: 0, z: 0}
--- !u!54 &5577772180618114677
Rigidbody:
  m_ObjectHideFlags: 0
  m_CorrespondingSourceObject: {fileID: 0}
  m_PrefabInstance: {fileID: 0}
  m_PrefabAsset: {fileID: 0}
  m_GameObject: {fileID: 5740305825125642725}
  serializedVersion: 2
  m_Mass: 1
  m_Drag: 0
  m_AngularDrag: 0.05
  m_UseGravity: 1
  m_IsKinematic: 0
  m_Interpolate: 0
  m_Constraints: 112
  m_CollisionDetection: 0
--- !u!64 &5577772180618114679
MeshCollider:
  m_ObjectHideFlags: 0
  m_CorrespondingSourceObject: {fileID: 0}
  m_PrefabInstance: {fileID: 0}
  m_PrefabAsset: {fileID: 0}
  m_GameObject: {fileID: 5740305825125642725}
  m_Material: {fileID: 0}
  m_IsTrigger: 0
  m_Enabled: 1
  serializedVersion: 4
  m_Convex: 0
  m_CookingOptions: 30
  m_Mesh: {fileID: 0}
--- !u!136 &5577772180618114678
CapsuleCollider:
  m_ObjectHideFlags: 0
  m_CorrespondingSourceObject: {fileID: 0}
  m_PrefabInstance: {fileID: 0}
  m_PrefabAsset: {fileID: 0}
  m_GameObject: {fileID: 5740305825125642725}
  m_Material: {fileID: 0}
  m_IsTrigger: 0
  m_Enabled: 1
  m_Radius: 0.5
  m_Height: 2.6437316
  m_Direction: 1
  m_Center: {x: 0, y: 0.8218658, z: 0}
--- !u!95 &5577772180618114697
Animator:
  serializedVersion: 3
  m_ObjectHideFlags: 0
  m_CorrespondingSourceObject: {fileID: 0}
  m_PrefabInstance: {fileID: 0}
  m_PrefabAsset: {fileID: 0}
  m_GameObject: {fileID: 5740305825125642725}
  m_Enabled: 1
  m_Avatar: {fileID: 9000000, guid: 396d96d3985b08640bb8529e38292c52, type: 3}
  m_Controller: {fileID: 9100000, guid: e45a039f49c1bbb47bdb97bf2452fb7d, type: 2}
  m_CullingMode: 0
  m_UpdateMode: 0
  m_ApplyRootMotion: 1
  m_LinearVelocityBlending: 0
  m_WarningMessage: 
  m_HasTransformHierarchy: 1
  m_AllowConstantClipSamplingOptimization: 1
  m_KeepAnimatorControllerStateOnDisable: 0
--- !u!114 &5577772180618114698
MonoBehaviour:
  m_ObjectHideFlags: 0
  m_CorrespondingSourceObject: {fileID: 0}
  m_PrefabInstance: {fileID: 0}
  m_PrefabAsset: {fileID: 0}
  m_GameObject: {fileID: 5740305825125642725}
  m_Enabled: 1
  m_EditorHideFlags: 0
  m_Script: {fileID: 11500000, guid: 68fbb145401136141ac8279b1027b8d1, type: 3}
  m_Name: 
  m_EditorClassIdentifier: 
--- !u!114 &5577772180618114696
MonoBehaviour:
  m_ObjectHideFlags: 0
  m_CorrespondingSourceObject: {fileID: 0}
  m_PrefabInstance: {fileID: 0}
  m_PrefabAsset: {fileID: 0}
  m_GameObject: {fileID: 5740305825125642725}
  m_Enabled: 1
  m_EditorHideFlags: 0
  m_Script: {fileID: 11500000, guid: df215d1fe10c5e441a8c4c28a6735147, type: 3}
  m_Name: 
  m_EditorClassIdentifier: 
  stats: {fileID: 11400000, guid: 0c05ac917592c2c4c9a231f99a2b78eb, type: 2}
--- !u!114 &5577772180618114676
MonoBehaviour:
  m_ObjectHideFlags: 0
  m_CorrespondingSourceObject: {fileID: 0}
  m_PrefabInstance: {fileID: 0}
  m_PrefabAsset: {fileID: 0}
  m_GameObject: {fileID: 5740305825125642725}
  m_Enabled: 0
  m_EditorHideFlags: 0
  m_Script: {fileID: 11500000, guid: 1d346d4b1b31b8d49ab3cfa0a0c8cb88, type: 3}
  m_Name: 
  m_EditorClassIdentifier: 
  atkMele: []
  child: 6
--- !u!114 &5577772180618114675
MonoBehaviour:
  m_ObjectHideFlags: 0
  m_CorrespondingSourceObject: {fileID: 0}
  m_PrefabInstance: {fileID: 0}
  m_PrefabAsset: {fileID: 0}
  m_GameObject: {fileID: 5740305825125642725}
  m_Enabled: 1
  m_EditorHideFlags: 0
  m_Script: {fileID: 11500000, guid: 64b1b64cd5540f74ebb635d4ae3415d7, type: 3}
  m_Name: 
  m_EditorClassIdentifier: 
  cameraCenital: {fileID: 0}
  cameraLateral: {fileID: 0}
  grayScaleCenital: {fileID: 0}
  grayScaleLateral: {fileID: 0}
  cenitalMode: 1
  camType: {fileID: 11400000, guid: 3ab2bf8e7a4a8e841b79520241f76742, type: 2}
  objectManager: {fileID: 0}
--- !u!114 &5577772180618114674
MonoBehaviour:
  m_ObjectHideFlags: 0
  m_CorrespondingSourceObject: {fileID: 0}
  m_PrefabInstance: {fileID: 0}
  m_PrefabAsset: {fileID: 0}
  m_GameObject: {fileID: 5740305825125642725}
  m_Enabled: 1
  m_EditorHideFlags: 0
  m_Script: {fileID: 11500000, guid: b2e02cc880dba534a87e8d9c5674bb97, type: 3}
  m_Name: 
  m_EditorClassIdentifier: 
  speed: 1600
  jumpForce: 300
  airMove: 3
  respawn: {fileID: 11400000, guid: 232112822e098674c8eb6043730a304f, type: 2}
  obj: {fileID: 0}
  player: {fileID: 11400000, guid: 0c05ac917592c2c4c9a231f99a2b78eb, type: 2}
  playerStatus: 0
--- !u!1 &5836743175921933394
GameObject:
  m_ObjectHideFlags: 0
  m_CorrespondingSourceObject: {fileID: 0}
  m_PrefabInstance: {fileID: 0}
  m_PrefabAsset: {fileID: 0}
  serializedVersion: 6
  m_Component:
  - component: {fileID: 4123039851079131077}
  - component: {fileID: 3723480706305963479}
  - component: {fileID: 5446031899378275309}
  - component: {fileID: 1991087648798063361}
  - component: {fileID: 801900283955478840}
  m_Layer: 0
  m_Name: HitBox1
  m_TagString: PlayerHitBox
  m_Icon: {fileID: 0}
  m_NavMeshLayer: 0
  m_StaticEditorFlags: 0
  m_IsActive: 0
--- !u!4 &4123039851079131077
Transform:
  m_ObjectHideFlags: 0
  m_CorrespondingSourceObject: {fileID: 0}
  m_PrefabInstance: {fileID: 0}
  m_PrefabAsset: {fileID: 0}
  m_GameObject: {fileID: 5836743175921933394}
  m_LocalRotation: {x: 0, y: 0, z: 0, w: 1}
  m_LocalPosition: {x: 3.88, y: -7.28, z: 3.85}
  m_LocalScale: {x: 1, y: 1, z: 1}
  m_Children: []
  m_Father: {fileID: 4644940023397092990}
  m_RootOrder: 0
  m_LocalEulerAnglesHint: {x: 0, y: 0, z: 0}
--- !u!33 &3723480706305963479
MeshFilter:
  m_ObjectHideFlags: 0
  m_CorrespondingSourceObject: {fileID: 0}
  m_PrefabInstance: {fileID: 0}
  m_PrefabAsset: {fileID: 0}
  m_GameObject: {fileID: 5836743175921933394}
  m_Mesh: {fileID: 10207, guid: 0000000000000000e000000000000000, type: 0}
--- !u!23 &5446031899378275309
MeshRenderer:
  m_ObjectHideFlags: 0
  m_CorrespondingSourceObject: {fileID: 0}
  m_PrefabInstance: {fileID: 0}
  m_PrefabAsset: {fileID: 0}
  m_GameObject: {fileID: 5836743175921933394}
  m_Enabled: 1
  m_CastShadows: 1
  m_ReceiveShadows: 1
  m_DynamicOccludee: 1
  m_MotionVectors: 1
  m_LightProbeUsage: 1
  m_ReflectionProbeUsage: 1
  m_RayTracingMode: 2
  m_RenderingLayerMask: 1
  m_RendererPriority: 0
  m_Materials:
  - {fileID: 2100000, guid: 0d0ba7d2eae5d994eabeb6c41feec98d, type: 2}
  m_StaticBatchInfo:
    firstSubMesh: 0
    subMeshCount: 0
  m_StaticBatchRoot: {fileID: 0}
  m_ProbeAnchor: {fileID: 0}
  m_LightProbeVolumeOverride: {fileID: 0}
  m_ScaleInLightmap: 1
  m_ReceiveGI: 1
  m_PreserveUVs: 0
  m_IgnoreNormalsForChartDetection: 0
  m_ImportantGI: 0
  m_StitchLightmapSeams: 1
  m_SelectedEditorRenderState: 3
  m_MinimumChartSize: 4
  m_AutoUVMaxDistance: 0.5
  m_AutoUVMaxAngle: 89
  m_LightmapParameters: {fileID: 0}
  m_SortingLayerID: 0
  m_SortingLayer: 0
  m_SortingOrder: 0
--- !u!135 &1991087648798063361
SphereCollider:
  m_ObjectHideFlags: 0
  m_CorrespondingSourceObject: {fileID: 0}
  m_PrefabInstance: {fileID: 0}
  m_PrefabAsset: {fileID: 0}
  m_GameObject: {fileID: 5836743175921933394}
  m_Material: {fileID: 0}
  m_IsTrigger: 1
  m_Enabled: 1
  serializedVersion: 2
  m_Radius: 0.5
  m_Center: {x: 0, y: 0, z: 0}
--- !u!114 &801900283955478840
MonoBehaviour:
  m_ObjectHideFlags: 0
  m_CorrespondingSourceObject: {fileID: 0}
  m_PrefabInstance: {fileID: 0}
  m_PrefabAsset: {fileID: 0}
  m_GameObject: {fileID: 5836743175921933394}
  m_Enabled: 1
  m_EditorHideFlags: 0
  m_Script: {fileID: 11500000, guid: 4a7ac505cb17d85418999109f25d12e8, type: 3}
  m_Name: 
  m_EditorClassIdentifier: 
--- !u!1001 &4778921374653069773
PrefabInstance:
  m_ObjectHideFlags: 0
  serializedVersion: 2
  m_Modification:
    m_TransformParent: {fileID: 5740305825125642726}
    m_Modifications:
    - target: {fileID: 100002, guid: 28a5e79925e3ce04a82856c16a572cbe, type: 3}
      propertyPath: m_Name
      value: BlobShadowProjector
      objectReference: {fileID: 0}
    - target: {fileID: 400002, guid: 28a5e79925e3ce04a82856c16a572cbe, type: 3}
      propertyPath: m_LocalPosition.x
      value: -0.03
      objectReference: {fileID: 0}
    - target: {fileID: 400002, guid: 28a5e79925e3ce04a82856c16a572cbe, type: 3}
      propertyPath: m_LocalPosition.y
      value: 4.22
      objectReference: {fileID: 0}
    - target: {fileID: 400002, guid: 28a5e79925e3ce04a82856c16a572cbe, type: 3}
      propertyPath: m_LocalPosition.z
      value: 0.42
      objectReference: {fileID: 0}
    - target: {fileID: 400002, guid: 28a5e79925e3ce04a82856c16a572cbe, type: 3}
      propertyPath: m_LocalRotation.x
      value: 0.75157696
      objectReference: {fileID: 0}
    - target: {fileID: 400002, guid: 28a5e79925e3ce04a82856c16a572cbe, type: 3}
      propertyPath: m_LocalRotation.y
      value: -0
      objectReference: {fileID: 0}
    - target: {fileID: 400002, guid: 28a5e79925e3ce04a82856c16a572cbe, type: 3}
      propertyPath: m_LocalRotation.z
      value: -0
      objectReference: {fileID: 0}
    - target: {fileID: 400002, guid: 28a5e79925e3ce04a82856c16a572cbe, type: 3}
      propertyPath: m_LocalRotation.w
      value: 0.6596455
      objectReference: {fileID: 0}
    - target: {fileID: 400002, guid: 28a5e79925e3ce04a82856c16a572cbe, type: 3}
      propertyPath: m_RootOrder
      value: 8
      objectReference: {fileID: 0}
    - target: {fileID: 400002, guid: 28a5e79925e3ce04a82856c16a572cbe, type: 3}
      propertyPath: m_LocalEulerAnglesHint.x
      value: 0
      objectReference: {fileID: 0}
    - target: {fileID: 400002, guid: 28a5e79925e3ce04a82856c16a572cbe, type: 3}
      propertyPath: m_LocalEulerAnglesHint.y
      value: 0
      objectReference: {fileID: 0}
    - target: {fileID: 400002, guid: 28a5e79925e3ce04a82856c16a572cbe, type: 3}
      propertyPath: m_LocalEulerAnglesHint.z
      value: 0
      objectReference: {fileID: 0}
    - target: {fileID: 400002, guid: 28a5e79925e3ce04a82856c16a572cbe, type: 3}
      propertyPath: m_LocalScale.x
      value: 3
      objectReference: {fileID: 0}
    - target: {fileID: 400002, guid: 28a5e79925e3ce04a82856c16a572cbe, type: 3}
      propertyPath: m_LocalScale.y
      value: 3
      objectReference: {fileID: 0}
    - target: {fileID: 400002, guid: 28a5e79925e3ce04a82856c16a572cbe, type: 3}
      propertyPath: m_LocalScale.z
      value: 3
      objectReference: {fileID: 0}
    - target: {fileID: 11900000, guid: 28a5e79925e3ce04a82856c16a572cbe, type: 3}
      propertyPath: m_FieldOfView
      value: 15
      objectReference: {fileID: 0}
    - target: {fileID: 11900000, guid: 28a5e79925e3ce04a82856c16a572cbe, type: 3}
      propertyPath: m_FarClipPlane
      value: 30
      objectReference: {fileID: 0}
    m_RemovedComponents: []
  m_SourcePrefab: {fileID: 100100000, guid: 28a5e79925e3ce04a82856c16a572cbe, type: 3}
--- !u!4 &4778921374652670799 stripped
Transform:
  m_CorrespondingSourceObject: {fileID: 400002, guid: 28a5e79925e3ce04a82856c16a572cbe,
    type: 3}
  m_PrefabInstance: {fileID: 4778921374653069773}
  m_PrefabAsset: {fileID: 0}
--- !u!1001 &5740305825627691959
PrefabInstance:
  m_ObjectHideFlags: 0
  serializedVersion: 2
  m_Modification:
    m_TransformParent: {fileID: 5740305825125642726}
    m_Modifications:
    - target: {fileID: 100038, guid: 8fc9f118f987a8849b136d9c81737ee1, type: 3}
      propertyPath: m_Name
      value: Berserk_shoulder_00
      objectReference: {fileID: 0}
    - target: {fileID: 400038, guid: 8fc9f118f987a8849b136d9c81737ee1, type: 3}
      propertyPath: m_LocalPosition.x
      value: 0
      objectReference: {fileID: 0}
    - target: {fileID: 400038, guid: 8fc9f118f987a8849b136d9c81737ee1, type: 3}
      propertyPath: m_LocalPosition.y
      value: 0
      objectReference: {fileID: 0}
    - target: {fileID: 400038, guid: 8fc9f118f987a8849b136d9c81737ee1, type: 3}
      propertyPath: m_LocalPosition.z
      value: 0
      objectReference: {fileID: 0}
    - target: {fileID: 400038, guid: 8fc9f118f987a8849b136d9c81737ee1, type: 3}
      propertyPath: m_LocalRotation.x
      value: -0
      objectReference: {fileID: 0}
    - target: {fileID: 400038, guid: 8fc9f118f987a8849b136d9c81737ee1, type: 3}
      propertyPath: m_LocalRotation.y
      value: 1
      objectReference: {fileID: 0}
    - target: {fileID: 400038, guid: 8fc9f118f987a8849b136d9c81737ee1, type: 3}
      propertyPath: m_LocalRotation.z
      value: -0
      objectReference: {fileID: 0}
    - target: {fileID: 400038, guid: 8fc9f118f987a8849b136d9c81737ee1, type: 3}
      propertyPath: m_LocalRotation.w
      value: 0
      objectReference: {fileID: 0}
    - target: {fileID: 400038, guid: 8fc9f118f987a8849b136d9c81737ee1, type: 3}
      propertyPath: m_RootOrder
      value: 4
      objectReference: {fileID: 0}
    - target: {fileID: 400038, guid: 8fc9f118f987a8849b136d9c81737ee1, type: 3}
      propertyPath: m_LocalEulerAnglesHint.x
      value: 0
      objectReference: {fileID: 0}
    - target: {fileID: 400038, guid: 8fc9f118f987a8849b136d9c81737ee1, type: 3}
      propertyPath: m_LocalEulerAnglesHint.y
      value: 180
      objectReference: {fileID: 0}
    - target: {fileID: 400038, guid: 8fc9f118f987a8849b136d9c81737ee1, type: 3}
      propertyPath: m_LocalEulerAnglesHint.z
      value: 0
      objectReference: {fileID: 0}
    - target: {fileID: 9500000, guid: 8fc9f118f987a8849b136d9c81737ee1, type: 3}
      propertyPath: m_Controller
      value: 
      objectReference: {fileID: 9100000, guid: e45a039f49c1bbb47bdb97bf2452fb7d, type: 2}
    - target: {fileID: 13700000, guid: 8fc9f118f987a8849b136d9c81737ee1, type: 3}
      propertyPath: m_Materials.Array.data[1]
      value: 
      objectReference: {fileID: 2100000, guid: eea4a1fc8418b634d988bd07a4602442, type: 2}
    - target: {fileID: 13700000, guid: 8fc9f118f987a8849b136d9c81737ee1, type: 3}
      propertyPath: m_Materials.Array.data[0]
      value: 
      objectReference: {fileID: 2100000, guid: eea4a1fc8418b634d988bd07a4602442, type: 2}
    - target: {fileID: 13700000, guid: 8fc9f118f987a8849b136d9c81737ee1, type: 3}
      propertyPath: m_CastShadows
      value: 0
      objectReference: {fileID: 0}
    - target: {fileID: 13700000, guid: 8fc9f118f987a8849b136d9c81737ee1, type: 3}
      propertyPath: m_ReceiveShadows
      value: 0
      objectReference: {fileID: 0}
    m_RemovedComponents: []
  m_SourcePrefab: {fileID: 100100000, guid: 8fc9f118f987a8849b136d9c81737ee1, type: 3}
--- !u!4 &5740305825627554065 stripped
Transform:
  m_CorrespondingSourceObject: {fileID: 400038, guid: 8fc9f118f987a8849b136d9c81737ee1,
    type: 3}
  m_PrefabInstance: {fileID: 5740305825627691959}
  m_PrefabAsset: {fileID: 0}
--- !u!1001 &5740305826122479458
PrefabInstance:
  m_ObjectHideFlags: 0
  serializedVersion: 2
  m_Modification:
    m_TransformParent: {fileID: 5740305825125642726}
    m_Modifications:
    - target: {fileID: 100038, guid: a866eceee8924c344a0a375a064cbb0e, type: 3}
      propertyPath: m_Name
      value: Berserk_leg_00
      objectReference: {fileID: 0}
    - target: {fileID: 400038, guid: a866eceee8924c344a0a375a064cbb0e, type: 3}
      propertyPath: m_LocalPosition.x
      value: 0
      objectReference: {fileID: 0}
    - target: {fileID: 400038, guid: a866eceee8924c344a0a375a064cbb0e, type: 3}
      propertyPath: m_LocalPosition.y
      value: 0
      objectReference: {fileID: 0}
    - target: {fileID: 400038, guid: a866eceee8924c344a0a375a064cbb0e, type: 3}
      propertyPath: m_LocalPosition.z
      value: 0
      objectReference: {fileID: 0}
    - target: {fileID: 400038, guid: a866eceee8924c344a0a375a064cbb0e, type: 3}
      propertyPath: m_LocalRotation.x
      value: -0
      objectReference: {fileID: 0}
    - target: {fileID: 400038, guid: a866eceee8924c344a0a375a064cbb0e, type: 3}
      propertyPath: m_LocalRotation.y
      value: 1
      objectReference: {fileID: 0}
    - target: {fileID: 400038, guid: a866eceee8924c344a0a375a064cbb0e, type: 3}
      propertyPath: m_LocalRotation.z
      value: -0
      objectReference: {fileID: 0}
    - target: {fileID: 400038, guid: a866eceee8924c344a0a375a064cbb0e, type: 3}
      propertyPath: m_LocalRotation.w
      value: 0
      objectReference: {fileID: 0}
    - target: {fileID: 400038, guid: a866eceee8924c344a0a375a064cbb0e, type: 3}
      propertyPath: m_RootOrder
      value: 2
      objectReference: {fileID: 0}
    - target: {fileID: 400038, guid: a866eceee8924c344a0a375a064cbb0e, type: 3}
      propertyPath: m_LocalEulerAnglesHint.x
      value: 0
      objectReference: {fileID: 0}
    - target: {fileID: 400038, guid: a866eceee8924c344a0a375a064cbb0e, type: 3}
      propertyPath: m_LocalEulerAnglesHint.y
      value: 180
      objectReference: {fileID: 0}
    - target: {fileID: 400038, guid: a866eceee8924c344a0a375a064cbb0e, type: 3}
      propertyPath: m_LocalEulerAnglesHint.z
      value: 0
      objectReference: {fileID: 0}
    - target: {fileID: 9500000, guid: a866eceee8924c344a0a375a064cbb0e, type: 3}
      propertyPath: m_Controller
      value: 
      objectReference: {fileID: 9100000, guid: e45a039f49c1bbb47bdb97bf2452fb7d, type: 2}
    - target: {fileID: 13700000, guid: a866eceee8924c344a0a375a064cbb0e, type: 3}
      propertyPath: m_Materials.Array.data[0]
      value: 
      objectReference: {fileID: 2100000, guid: c81baf6334c251c4fa3cfac2c05fcd28, type: 2}
    - target: {fileID: 13700000, guid: a866eceee8924c344a0a375a064cbb0e, type: 3}
      propertyPath: m_CastShadows
      value: 0
      objectReference: {fileID: 0}
    - target: {fileID: 13700000, guid: a866eceee8924c344a0a375a064cbb0e, type: 3}
      propertyPath: m_ReceiveShadows
      value: 0
      objectReference: {fileID: 0}
    m_RemovedComponents: []
  m_SourcePrefab: {fileID: 100100000, guid: a866eceee8924c344a0a375a064cbb0e, type: 3}
--- !u!4 &5740305826122608068 stripped
Transform:
  m_CorrespondingSourceObject: {fileID: 400038, guid: a866eceee8924c344a0a375a064cbb0e,
    type: 3}
  m_PrefabInstance: {fileID: 5740305826122479458}
  m_PrefabAsset: {fileID: 0}
--- !u!1001 &5740305826142970966
PrefabInstance:
  m_ObjectHideFlags: 0
  serializedVersion: 2
  m_Modification:
    m_TransformParent: {fileID: 5740305825125642726}
    m_Modifications:
    - target: {fileID: 100038, guid: 4c4e3c5a3583a9f4098de6de999e8eab, type: 3}
      propertyPath: m_Name
      value: Berserk_head_00
      objectReference: {fileID: 0}
    - target: {fileID: 400038, guid: 4c4e3c5a3583a9f4098de6de999e8eab, type: 3}
      propertyPath: m_LocalPosition.x
      value: 0
      objectReference: {fileID: 0}
    - target: {fileID: 400038, guid: 4c4e3c5a3583a9f4098de6de999e8eab, type: 3}
      propertyPath: m_LocalPosition.y
      value: 0
      objectReference: {fileID: 0}
    - target: {fileID: 400038, guid: 4c4e3c5a3583a9f4098de6de999e8eab, type: 3}
      propertyPath: m_LocalPosition.z
      value: 0
      objectReference: {fileID: 0}
    - target: {fileID: 400038, guid: 4c4e3c5a3583a9f4098de6de999e8eab, type: 3}
      propertyPath: m_LocalRotation.x
      value: -0
      objectReference: {fileID: 0}
    - target: {fileID: 400038, guid: 4c4e3c5a3583a9f4098de6de999e8eab, type: 3}
      propertyPath: m_LocalRotation.y
      value: 1
      objectReference: {fileID: 0}
    - target: {fileID: 400038, guid: 4c4e3c5a3583a9f4098de6de999e8eab, type: 3}
      propertyPath: m_LocalRotation.z
      value: -0
      objectReference: {fileID: 0}
    - target: {fileID: 400038, guid: 4c4e3c5a3583a9f4098de6de999e8eab, type: 3}
      propertyPath: m_LocalRotation.w
      value: 0
      objectReference: {fileID: 0}
    - target: {fileID: 400038, guid: 4c4e3c5a3583a9f4098de6de999e8eab, type: 3}
      propertyPath: m_RootOrder
      value: 1
      objectReference: {fileID: 0}
    - target: {fileID: 400038, guid: 4c4e3c5a3583a9f4098de6de999e8eab, type: 3}
      propertyPath: m_LocalEulerAnglesHint.x
      value: 0
      objectReference: {fileID: 0}
    - target: {fileID: 400038, guid: 4c4e3c5a3583a9f4098de6de999e8eab, type: 3}
      propertyPath: m_LocalEulerAnglesHint.y
      value: 180
      objectReference: {fileID: 0}
    - target: {fileID: 400038, guid: 4c4e3c5a3583a9f4098de6de999e8eab, type: 3}
      propertyPath: m_LocalEulerAnglesHint.z
      value: 0
      objectReference: {fileID: 0}
    - target: {fileID: 9500000, guid: 4c4e3c5a3583a9f4098de6de999e8eab, type: 3}
      propertyPath: m_Controller
      value: 
      objectReference: {fileID: 9100000, guid: e45a039f49c1bbb47bdb97bf2452fb7d, type: 2}
    - target: {fileID: 13700000, guid: 4c4e3c5a3583a9f4098de6de999e8eab, type: 3}
      propertyPath: m_Materials.Array.data[0]
      value: 
      objectReference: {fileID: 2100000, guid: a15155e1fa35b4246b9987a9167ba991, type: 2}
    - target: {fileID: 13700000, guid: 4c4e3c5a3583a9f4098de6de999e8eab, type: 3}
      propertyPath: m_CastShadows
      value: 0
      objectReference: {fileID: 0}
    - target: {fileID: 13700000, guid: 4c4e3c5a3583a9f4098de6de999e8eab, type: 3}
      propertyPath: m_ReceiveShadows
      value: 0
      objectReference: {fileID: 0}
    m_RemovedComponents: []
  m_SourcePrefab: {fileID: 100100000, guid: 4c4e3c5a3583a9f4098de6de999e8eab, type: 3}
--- !u!4 &5740305826143108848 stripped
Transform:
  m_CorrespondingSourceObject: {fileID: 400038, guid: 4c4e3c5a3583a9f4098de6de999e8eab,
    type: 3}
  m_PrefabInstance: {fileID: 5740305826142970966}
  m_PrefabAsset: {fileID: 0}
--- !u!1001 &5740305826353705548
PrefabInstance:
  m_ObjectHideFlags: 0
  serializedVersion: 2
  m_Modification:
    m_TransformParent: {fileID: 5740305825125642726}
    m_Modifications:
    - target: {fileID: 100038, guid: 507c45050a17d194e9be742d0adfe788, type: 3}
      propertyPath: m_Name
      value: Berserk_lower_00
      objectReference: {fileID: 0}
    - target: {fileID: 400038, guid: 507c45050a17d194e9be742d0adfe788, type: 3}
      propertyPath: m_LocalPosition.x
      value: 0
      objectReference: {fileID: 0}
    - target: {fileID: 400038, guid: 507c45050a17d194e9be742d0adfe788, type: 3}
      propertyPath: m_LocalPosition.y
      value: 0
      objectReference: {fileID: 0}
    - target: {fileID: 400038, guid: 507c45050a17d194e9be742d0adfe788, type: 3}
      propertyPath: m_LocalPosition.z
      value: 0
      objectReference: {fileID: 0}
    - target: {fileID: 400038, guid: 507c45050a17d194e9be742d0adfe788, type: 3}
      propertyPath: m_LocalRotation.x
      value: -0
      objectReference: {fileID: 0}
    - target: {fileID: 400038, guid: 507c45050a17d194e9be742d0adfe788, type: 3}
      propertyPath: m_LocalRotation.y
      value: 1
      objectReference: {fileID: 0}
    - target: {fileID: 400038, guid: 507c45050a17d194e9be742d0adfe788, type: 3}
      propertyPath: m_LocalRotation.z
      value: -0
      objectReference: {fileID: 0}
    - target: {fileID: 400038, guid: 507c45050a17d194e9be742d0adfe788, type: 3}
      propertyPath: m_LocalRotation.w
      value: 0
      objectReference: {fileID: 0}
    - target: {fileID: 400038, guid: 507c45050a17d194e9be742d0adfe788, type: 3}
      propertyPath: m_RootOrder
      value: 3
      objectReference: {fileID: 0}
    - target: {fileID: 400038, guid: 507c45050a17d194e9be742d0adfe788, type: 3}
      propertyPath: m_LocalEulerAnglesHint.x
      value: 0
      objectReference: {fileID: 0}
    - target: {fileID: 400038, guid: 507c45050a17d194e9be742d0adfe788, type: 3}
      propertyPath: m_LocalEulerAnglesHint.y
      value: 180
      objectReference: {fileID: 0}
    - target: {fileID: 400038, guid: 507c45050a17d194e9be742d0adfe788, type: 3}
      propertyPath: m_LocalEulerAnglesHint.z
      value: 0
      objectReference: {fileID: 0}
    - target: {fileID: 9500000, guid: 507c45050a17d194e9be742d0adfe788, type: 3}
      propertyPath: m_Controller
      value: 
      objectReference: {fileID: 9100000, guid: e45a039f49c1bbb47bdb97bf2452fb7d, type: 2}
    - target: {fileID: 13700000, guid: 507c45050a17d194e9be742d0adfe788, type: 3}
      propertyPath: m_Materials.Array.data[0]
      value: 
      objectReference: {fileID: 2100000, guid: c61f82038a0f794429ff30faef525c70, type: 2}
    - target: {fileID: 13700000, guid: 507c45050a17d194e9be742d0adfe788, type: 3}
      propertyPath: m_CastShadows
      value: 0
      objectReference: {fileID: 0}
    - target: {fileID: 13700000, guid: 507c45050a17d194e9be742d0adfe788, type: 3}
      propertyPath: m_ReceiveShadows
      value: 0
      objectReference: {fileID: 0}
    m_RemovedComponents: []
  m_SourcePrefab: {fileID: 100100000, guid: 507c45050a17d194e9be742d0adfe788, type: 3}
--- !u!4 &5740305826353834218 stripped
Transform:
  m_CorrespondingSourceObject: {fileID: 400038, guid: 507c45050a17d194e9be742d0adfe788,
    type: 3}
  m_PrefabInstance: {fileID: 5740305826353705548}
  m_PrefabAsset: {fileID: 0}
--- !u!1001 &5740305826744406429
PrefabInstance:
  m_ObjectHideFlags: 0
  serializedVersion: 2
  m_Modification:
    m_TransformParent: {fileID: 5740305827074685029}
    m_Modifications:
    - target: {fileID: 100000, guid: 4e94bedc7bf66ba4ba70b3f98db0da14, type: 3}
      propertyPath: m_Name
      value: Berserk_weapon_00
      objectReference: {fileID: 0}
    - target: {fileID: 400000, guid: 4e94bedc7bf66ba4ba70b3f98db0da14, type: 3}
      propertyPath: m_LocalPosition.x
      value: -0.07339369
      objectReference: {fileID: 0}
    - target: {fileID: 400000, guid: 4e94bedc7bf66ba4ba70b3f98db0da14, type: 3}
      propertyPath: m_LocalPosition.y
      value: 0.065173745
      objectReference: {fileID: 0}
    - target: {fileID: 400000, guid: 4e94bedc7bf66ba4ba70b3f98db0da14, type: 3}
      propertyPath: m_LocalPosition.z
      value: 0.5491377
      objectReference: {fileID: 0}
    - target: {fileID: 400000, guid: 4e94bedc7bf66ba4ba70b3f98db0da14, type: 3}
      propertyPath: m_LocalRotation.x
      value: 0.18231045
      objectReference: {fileID: 0}
    - target: {fileID: 400000, guid: 4e94bedc7bf66ba4ba70b3f98db0da14, type: 3}
      propertyPath: m_LocalRotation.y
      value: -0.67612225
      objectReference: {fileID: 0}
    - target: {fileID: 400000, guid: 4e94bedc7bf66ba4ba70b3f98db0da14, type: 3}
      propertyPath: m_LocalRotation.z
      value: 0.6928103
      objectReference: {fileID: 0}
    - target: {fileID: 400000, guid: 4e94bedc7bf66ba4ba70b3f98db0da14, type: 3}
      propertyPath: m_LocalRotation.w
      value: -0.17215022
      objectReference: {fileID: 0}
    - target: {fileID: 400000, guid: 4e94bedc7bf66ba4ba70b3f98db0da14, type: 3}
      propertyPath: m_RootOrder
      value: 2
      objectReference: {fileID: 0}
    - target: {fileID: 400000, guid: 4e94bedc7bf66ba4ba70b3f98db0da14, type: 3}
      propertyPath: m_LocalEulerAnglesHint.x
      value: 0
      objectReference: {fileID: 0}
    - target: {fileID: 400000, guid: 4e94bedc7bf66ba4ba70b3f98db0da14, type: 3}
      propertyPath: m_LocalEulerAnglesHint.y
      value: 0
      objectReference: {fileID: 0}
    - target: {fileID: 400000, guid: 4e94bedc7bf66ba4ba70b3f98db0da14, type: 3}
      propertyPath: m_LocalEulerAnglesHint.z
      value: 0
      objectReference: {fileID: 0}
    - target: {fileID: 2300000, guid: 4e94bedc7bf66ba4ba70b3f98db0da14, type: 3}
      propertyPath: m_Materials.Array.data[0]
      value: 
      objectReference: {fileID: 2100000, guid: 6421885c1192bfc4babcd685ccd1ac5c, type: 2}
    m_RemovedComponents: []
  m_SourcePrefab: {fileID: 100100000, guid: 4e94bedc7bf66ba4ba70b3f98db0da14, type: 3}
--- !u!1001 &5740305827021997324
PrefabInstance:
  m_ObjectHideFlags: 0
  serializedVersion: 2
  m_Modification:
    m_TransformParent: {fileID: 5740305825125642726}
    m_Modifications:
    - target: {fileID: 100038, guid: 9d25a58f563453b43a26e01dc5cc56c7, type: 3}
      propertyPath: m_Name
      value: Berserk_upper_00
      objectReference: {fileID: 0}
    - target: {fileID: 400038, guid: 9d25a58f563453b43a26e01dc5cc56c7, type: 3}
      propertyPath: m_LocalPosition.x
      value: 0
      objectReference: {fileID: 0}
    - target: {fileID: 400038, guid: 9d25a58f563453b43a26e01dc5cc56c7, type: 3}
      propertyPath: m_LocalPosition.y
      value: 0
      objectReference: {fileID: 0}
    - target: {fileID: 400038, guid: 9d25a58f563453b43a26e01dc5cc56c7, type: 3}
      propertyPath: m_LocalPosition.z
      value: 0
      objectReference: {fileID: 0}
    - target: {fileID: 400038, guid: 9d25a58f563453b43a26e01dc5cc56c7, type: 3}
      propertyPath: m_LocalRotation.x
      value: -0
      objectReference: {fileID: 0}
    - target: {fileID: 400038, guid: 9d25a58f563453b43a26e01dc5cc56c7, type: 3}
      propertyPath: m_LocalRotation.y
      value: 1
      objectReference: {fileID: 0}
    - target: {fileID: 400038, guid: 9d25a58f563453b43a26e01dc5cc56c7, type: 3}
      propertyPath: m_LocalRotation.z
      value: -0
      objectReference: {fileID: 0}
    - target: {fileID: 400038, guid: 9d25a58f563453b43a26e01dc5cc56c7, type: 3}
      propertyPath: m_LocalRotation.w
      value: 0
      objectReference: {fileID: 0}
    - target: {fileID: 400038, guid: 9d25a58f563453b43a26e01dc5cc56c7, type: 3}
      propertyPath: m_RootOrder
      value: 5
      objectReference: {fileID: 0}
    - target: {fileID: 400038, guid: 9d25a58f563453b43a26e01dc5cc56c7, type: 3}
      propertyPath: m_LocalEulerAnglesHint.x
      value: 0
      objectReference: {fileID: 0}
    - target: {fileID: 400038, guid: 9d25a58f563453b43a26e01dc5cc56c7, type: 3}
      propertyPath: m_LocalEulerAnglesHint.y
      value: 180
      objectReference: {fileID: 0}
    - target: {fileID: 400038, guid: 9d25a58f563453b43a26e01dc5cc56c7, type: 3}
      propertyPath: m_LocalEulerAnglesHint.z
      value: 0
      objectReference: {fileID: 0}
    - target: {fileID: 9500000, guid: 9d25a58f563453b43a26e01dc5cc56c7, type: 3}
      propertyPath: m_Controller
      value: 
      objectReference: {fileID: 9100000, guid: e45a039f49c1bbb47bdb97bf2452fb7d, type: 2}
    - target: {fileID: 13700000, guid: 9d25a58f563453b43a26e01dc5cc56c7, type: 3}
      propertyPath: m_Materials.Array.data[0]
      value: 
      objectReference: {fileID: 2100000, guid: ef98bb6a31c42de4b8fc892e8e17b4bd, type: 2}
    - target: {fileID: 13700000, guid: 9d25a58f563453b43a26e01dc5cc56c7, type: 3}
      propertyPath: m_CastShadows
      value: 0
      objectReference: {fileID: 0}
    - target: {fileID: 13700000, guid: 9d25a58f563453b43a26e01dc5cc56c7, type: 3}
      propertyPath: m_ReceiveShadows
      value: 0
      objectReference: {fileID: 0}
    m_RemovedComponents: []
  m_SourcePrefab: {fileID: 100100000, guid: 9d25a58f563453b43a26e01dc5cc56c7, type: 3}
--- !u!4 &5740305827022397354 stripped
Transform:
  m_CorrespondingSourceObject: {fileID: 400038, guid: 9d25a58f563453b43a26e01dc5cc56c7,
    type: 3}
  m_PrefabInstance: {fileID: 5740305827021997324}
  m_PrefabAsset: {fileID: 0}
--- !u!1001 &5740305827074548409
PrefabInstance:
  m_ObjectHideFlags: 0
  serializedVersion: 2
  m_Modification:
    m_TransformParent: {fileID: 5740305825125642726}
    m_Modifications:
    - target: {fileID: 100038, guid: 1397a0958c275c24e985692e482b5f34, type: 3}
      propertyPath: m_Name
      value: Berserk_arm_00
      objectReference: {fileID: 0}
    - target: {fileID: 400038, guid: 1397a0958c275c24e985692e482b5f34, type: 3}
      propertyPath: m_LocalPosition.x
      value: 0
      objectReference: {fileID: 0}
    - target: {fileID: 400038, guid: 1397a0958c275c24e985692e482b5f34, type: 3}
      propertyPath: m_LocalPosition.y
      value: 0
      objectReference: {fileID: 0}
    - target: {fileID: 400038, guid: 1397a0958c275c24e985692e482b5f34, type: 3}
      propertyPath: m_LocalPosition.z
      value: 0
      objectReference: {fileID: 0}
    - target: {fileID: 400038, guid: 1397a0958c275c24e985692e482b5f34, type: 3}
      propertyPath: m_LocalRotation.x
      value: -0
      objectReference: {fileID: 0}
    - target: {fileID: 400038, guid: 1397a0958c275c24e985692e482b5f34, type: 3}
      propertyPath: m_LocalRotation.y
      value: 1
      objectReference: {fileID: 0}
    - target: {fileID: 400038, guid: 1397a0958c275c24e985692e482b5f34, type: 3}
      propertyPath: m_LocalRotation.z
      value: -0
      objectReference: {fileID: 0}
    - target: {fileID: 400038, guid: 1397a0958c275c24e985692e482b5f34, type: 3}
      propertyPath: m_LocalRotation.w
      value: 0
      objectReference: {fileID: 0}
    - target: {fileID: 400038, guid: 1397a0958c275c24e985692e482b5f34, type: 3}
      propertyPath: m_RootOrder
      value: 0
      objectReference: {fileID: 0}
    - target: {fileID: 400038, guid: 1397a0958c275c24e985692e482b5f34, type: 3}
      propertyPath: m_LocalEulerAnglesHint.x
      value: 0
      objectReference: {fileID: 0}
    - target: {fileID: 400038, guid: 1397a0958c275c24e985692e482b5f34, type: 3}
      propertyPath: m_LocalEulerAnglesHint.y
      value: 180
      objectReference: {fileID: 0}
    - target: {fileID: 400038, guid: 1397a0958c275c24e985692e482b5f34, type: 3}
      propertyPath: m_LocalEulerAnglesHint.z
      value: 0
      objectReference: {fileID: 0}
    - target: {fileID: 9500000, guid: 1397a0958c275c24e985692e482b5f34, type: 3}
      propertyPath: m_Controller
      value: 
      objectReference: {fileID: 9100000, guid: e45a039f49c1bbb47bdb97bf2452fb7d, type: 2}
    - target: {fileID: 13700000, guid: 1397a0958c275c24e985692e482b5f34, type: 3}
      propertyPath: m_Materials.Array.data[0]
      value: 
      objectReference: {fileID: 2100000, guid: 99c475d9f2ba91943906ee8061b72374, type: 2}
    - target: {fileID: 13700000, guid: 1397a0958c275c24e985692e482b5f34, type: 3}
      propertyPath: m_CastShadows
      value: 0
      objectReference: {fileID: 0}
    - target: {fileID: 13700000, guid: 1397a0958c275c24e985692e482b5f34, type: 3}
      propertyPath: m_ReceiveShadows
      value: 0
      objectReference: {fileID: 0}
    m_RemovedComponents: []
  m_SourcePrefab: {fileID: 100100000, guid: 1397a0958c275c24e985692e482b5f34, type: 3}
--- !u!4 &5740305827074685029 stripped
Transform:
  m_CorrespondingSourceObject: {fileID: 400092, guid: 1397a0958c275c24e985692e482b5f34,
    type: 3}
  m_PrefabInstance: {fileID: 5740305827074548409}
  m_PrefabAsset: {fileID: 0}
--- !u!4 &5740305827074684959 stripped
Transform:
  m_CorrespondingSourceObject: {fileID: 400038, guid: 1397a0958c275c24e985692e482b5f34,
    type: 3}
  m_PrefabInstance: {fileID: 5740305827074548409}
  m_PrefabAsset: {fileID: 0}
