%YAML 1.1
%TAG !u! tag:unity3d.com,2011:
--- !u!1 &1661913481343572228
GameObject:
  m_ObjectHideFlags: 0
  m_CorrespondingSourceObject: {fileID: 0}
  m_PrefabInstance: {fileID: 0}
  m_PrefabAsset: {fileID: 0}
  serializedVersion: 6
  m_Component:
  - component: {fileID: 4641790963804156032}
  m_Layer: 0
  m_Name: HitBox
  m_TagString: Untagged
  m_Icon: {fileID: 0}
  m_NavMeshLayer: 0
  m_StaticEditorFlags: 0
  m_IsActive: 1
--- !u!4 &4641790963804156032
Transform:
  m_ObjectHideFlags: 0
  m_CorrespondingSourceObject: {fileID: 0}
  m_PrefabInstance: {fileID: 0}
  m_PrefabAsset: {fileID: 0}
  m_GameObject: {fileID: 1661913481343572228}
  m_LocalRotation: {x: -0, y: -0, z: -0, w: 1}
  m_LocalPosition: {x: -2.3018, y: 4.7915, z: -1.938}
  m_LocalScale: {x: 0.58757, y: 0.58757, z: 0.58757}
  m_Children:
  - {fileID: 1765249619158395130}
  m_Father: {fileID: 2562800565543475554}
  m_RootOrder: 3
  m_LocalEulerAnglesHint: {x: 0, y: 0, z: 0}
--- !u!1 &2562800565543502978
GameObject:
  m_ObjectHideFlags: 0
  m_CorrespondingSourceObject: {fileID: 0}
  m_PrefabInstance: {fileID: 0}
  m_PrefabAsset: {fileID: 0}
  serializedVersion: 6
  m_Component:
  - component: {fileID: 2562800565543475554}
  - component: {fileID: 2562800565553034978}
  - component: {fileID: 2562800565550084290}
  - component: {fileID: 2562800565550084288}
  - component: {fileID: 6631775139474802183}
  - component: {fileID: 9092043670154283909}
  - component: {fileID: 1655368905145345208}
  - component: {fileID: 2562800566125977722}
  - component: {fileID: 2562800566125977725}
  - component: {fileID: 2562800566125977714}
  - component: {fileID: 2562800566125977715}
  m_Layer: 0
  m_Name: TESTmainPj
  m_TagString: Player
  m_Icon: {fileID: 0}
  m_NavMeshLayer: 0
  m_StaticEditorFlags: 0
  m_IsActive: 1
--- !u!4 &2562800565543475554
Transform:
  m_ObjectHideFlags: 0
  m_CorrespondingSourceObject: {fileID: 0}
  m_PrefabInstance: {fileID: 0}
  m_PrefabAsset: {fileID: 0}
  m_GameObject: {fileID: 2562800565543502978}
  m_LocalRotation: {x: 0, y: 0, z: 0, w: 1}
  m_LocalPosition: {x: 7.1163006, y: 2.22, z: -6.8}
  m_LocalScale: {x: 4, y: 4, z: 4}
  m_Children:
  - {fileID: 2562800565543475548}
  - {fileID: 2562800565543475550}
  - {fileID: 2562800565543475544}
  - {fileID: 4641790963804156032}
  - {fileID: 748232465843936192}
  - {fileID: 8439515902397065129}
  - {fileID: 2271662746432493505}
  - {fileID: 6616418681045660997}
  m_Father: {fileID: 0}
  m_RootOrder: 0
  m_LocalEulerAnglesHint: {x: 0, y: 0, z: 0}
--- !u!95 &2562800565553034978
Animator:
  serializedVersion: 3
  m_ObjectHideFlags: 0
  m_CorrespondingSourceObject: {fileID: 0}
  m_PrefabInstance: {fileID: 0}
  m_PrefabAsset: {fileID: 0}
  m_GameObject: {fileID: 2562800565543502978}
  m_Enabled: 1
  m_Avatar: {fileID: 9000000, guid: b6c33e1d6632025468fb37a04e312606, type: 3}
  m_Controller: {fileID: 0}
  m_CullingMode: 0
  m_UpdateMode: 0
  m_ApplyRootMotion: 0
  m_LinearVelocityBlending: 0
  m_WarningMessage: 
  m_HasTransformHierarchy: 1
  m_AllowConstantClipSamplingOptimization: 1
  m_KeepAnimatorControllerStateOnDisable: 0
--- !u!114 &2562800565550084290
MonoBehaviour:
  m_ObjectHideFlags: 0
  m_CorrespondingSourceObject: {fileID: 0}
  m_PrefabInstance: {fileID: 0}
  m_PrefabAsset: {fileID: 0}
  m_GameObject: {fileID: 2562800565543502978}
  m_Enabled: 1
  m_EditorHideFlags: 0
  m_Script: {fileID: 11500000, guid: a85c5e349cb17df4b85883ea088c2f95, type: 3}
  m_Name: 
  m_EditorClassIdentifier: 
--- !u!114 &2562800565550084288
MonoBehaviour:
  m_ObjectHideFlags: 0
  m_CorrespondingSourceObject: {fileID: 0}
  m_PrefabInstance: {fileID: 0}
  m_PrefabAsset: {fileID: 0}
  m_GameObject: {fileID: 2562800565543502978}
  m_Enabled: 1
  m_EditorHideFlags: 0
  m_Script: {fileID: 11500000, guid: e9aa840a3854ebd47b920d1a5c7d693f, type: 3}
  m_Name: 
  m_EditorClassIdentifier: 
  rightGunBone: {fileID: 2562800565543475472}
  leftGunBone: {fileID: 2562800565543475504}
  arsenal:
  - name: Empty
    rightGun: {fileID: 0}
    leftGun: {fileID: 0}
    controller: {fileID: 9100000, guid: e4d38f097ea35254fb4b833d568bb089, type: 2}
  - name: Rifle
    rightGun: {fileID: 100000, guid: d992a232642f7574b80a75c2ca4b4cb8, type: 3}
    leftGun: {fileID: 0}
    controller: {fileID: 9100000, guid: dffbd9326394a8d47a87a1e2aec70a59, type: 2}
--- !u!114 &6631775139474802183
MonoBehaviour:
  m_ObjectHideFlags: 0
  m_CorrespondingSourceObject: {fileID: 0}
  m_PrefabInstance: {fileID: 0}
  m_PrefabAsset: {fileID: 0}
  m_GameObject: {fileID: 2562800565543502978}
  m_Enabled: 1
  m_EditorHideFlags: 0
  m_Script: {fileID: 11500000, guid: b2e02cc880dba534a87e8d9c5674bb97, type: 3}
  m_Name: 
  m_EditorClassIdentifier: 
  speed: 1600
  jumpForce: 300
  airMove: 3
  respawn: {fileID: 11400000, guid: 232112822e098674c8eb6043730a304f, type: 2}
  obj: {fileID: 0}
  playerStatus: 0
--- !u!114 &9092043670154283909
MonoBehaviour:
  m_ObjectHideFlags: 0
  m_CorrespondingSourceObject: {fileID: 0}
  m_PrefabInstance: {fileID: 0}
  m_PrefabAsset: {fileID: 0}
  m_GameObject: {fileID: 2562800565543502978}
  m_Enabled: 1
  m_EditorHideFlags: 0
  m_Script: {fileID: 11500000, guid: 64b1b64cd5540f74ebb635d4ae3415d7, type: 3}
  m_Name: 
  m_EditorClassIdentifier: 
  cameraCenital: {fileID: 0}
  cameraLateral: {fileID: 0}
  grayScaleCenital: {fileID: 0}
  grayScaleLateral: {fileID: 0}
  cenitalMode: 1
  camType: {fileID: 11400000, guid: 3ab2bf8e7a4a8e841b79520241f76742, type: 2}
--- !u!114 &1655368905145345208
MonoBehaviour:
  m_ObjectHideFlags: 0
  m_CorrespondingSourceObject: {fileID: 0}
  m_PrefabInstance: {fileID: 0}
  m_PrefabAsset: {fileID: 0}
  m_GameObject: {fileID: 2562800565543502978}
  m_Enabled: 1
  m_EditorHideFlags: 0
  m_Script: {fileID: 11500000, guid: 1d346d4b1b31b8d49ab3cfa0a0c8cb88, type: 3}
  m_Name: 
  m_EditorClassIdentifier: 
  atkMele:
  - {fileID: 11400000, guid: de397b111e4dbe34e866f8d2e1fdadc3, type: 2}
  child: 4
--- !u!54 &2562800566125977722
Rigidbody:
  m_ObjectHideFlags: 0
  m_CorrespondingSourceObject: {fileID: 0}
  m_PrefabInstance: {fileID: 0}
  m_PrefabAsset: {fileID: 0}
  m_GameObject: {fileID: 2562800565543502978}
  serializedVersion: 2
  m_Mass: 1
  m_Drag: 0
  m_AngularDrag: 0.05
  m_UseGravity: 1
  m_IsKinematic: 0
  m_Interpolate: 0
  m_Constraints: 112
  m_CollisionDetection: 0
--- !u!136 &2562800566125977725
CapsuleCollider:
  m_ObjectHideFlags: 0
  m_CorrespondingSourceObject: {fileID: 0}
  m_PrefabInstance: {fileID: 0}
  m_PrefabAsset: {fileID: 0}
  m_GameObject: {fileID: 2562800565543502978}
  m_Material: {fileID: 0}
  m_IsTrigger: 0
  m_Enabled: 1
  m_Radius: 0.12615557
  m_Height: 0.9011826
  m_Direction: 1
  m_Center: {x: 0, y: 0.4183552, z: 0.0045018196}
--- !u!64 &2562800566125977714
MeshCollider:
  m_ObjectHideFlags: 0
  m_CorrespondingSourceObject: {fileID: 0}
  m_PrefabInstance: {fileID: 0}
  m_PrefabAsset: {fileID: 0}
  m_GameObject: {fileID: 2562800565543502978}
  m_Material: {fileID: 0}
  m_IsTrigger: 0
  m_Enabled: 0
  serializedVersion: 4
  m_Convex: 0
  m_CookingOptions: 30
  m_Mesh: {fileID: 4300000, guid: 4c42ee333f3482841b5ce9f0964d4f6c, type: 3}
--- !u!114 &2562800566125977715
MonoBehaviour:
  m_ObjectHideFlags: 0
  m_CorrespondingSourceObject: {fileID: 0}
  m_PrefabInstance: {fileID: 0}
  m_PrefabAsset: {fileID: 0}
  m_GameObject: {fileID: 2562800565543502978}
  m_Enabled: 1
  m_EditorHideFlags: 0
  m_Script: {fileID: 11500000, guid: df215d1fe10c5e441a8c4c28a6735147, type: 3}
  m_Name: 
  m_EditorClassIdentifier: 
  stats: {fileID: 11400000, guid: 0c05ac917592c2c4c9a231f99a2b78eb, type: 2}
--- !u!1 &2562800565543503136
GameObject:
  m_ObjectHideFlags: 0
  m_CorrespondingSourceObject: {fileID: 0}
  m_PrefabInstance: {fileID: 0}
  m_PrefabAsset: {fileID: 0}
  serializedVersion: 6
  m_Component:
  - component: {fileID: 2562800565543475520}
  m_Layer: 0
  m_Name: RigNeck
  m_TagString: Untagged
  m_Icon: {fileID: 0}
  m_NavMeshLayer: 0
  m_StaticEditorFlags: 0
  m_IsActive: 1
--- !u!4 &2562800565543475520
Transform:
  m_ObjectHideFlags: 0
  m_CorrespondingSourceObject: {fileID: 0}
  m_PrefabInstance: {fileID: 0}
  m_PrefabAsset: {fileID: 0}
  m_GameObject: {fileID: 2562800565543503136}
  m_LocalRotation: {x: -0.000118110926, y: 0.0006218859, z: -0.21315977, w: 0.97701716}
  m_LocalPosition: {x: -0.064826965, y: -0.0066724587, z: 0.00005134432}
  m_LocalScale: {x: 1, y: 0.99999994, z: 1}
  m_Children:
  - {fileID: 2562800565543475458}
  m_Father: {fileID: 2562800565543475530}
  m_RootOrder: 2
  m_LocalEulerAnglesHint: {x: 0, y: 0, z: 0}
--- !u!1 &2562800565543503138
GameObject:
  m_ObjectHideFlags: 0
  m_CorrespondingSourceObject: {fileID: 0}
  m_PrefabInstance: {fileID: 0}
  m_PrefabAsset: {fileID: 0}
  serializedVersion: 6
  m_Component:
  - component: {fileID: 2562800565543475458}
  m_Layer: 0
  m_Name: RigHead
  m_TagString: Untagged
  m_Icon: {fileID: 0}
  m_NavMeshLayer: 0
  m_StaticEditorFlags: 0
  m_IsActive: 1
--- !u!4 &2562800565543475458
Transform:
  m_ObjectHideFlags: 0
  m_CorrespondingSourceObject: {fileID: 0}
  m_PrefabInstance: {fileID: 0}
  m_PrefabAsset: {fileID: 0}
  m_GameObject: {fileID: 2562800565543503138}
  m_LocalRotation: {x: 0.00018888929, y: -0.0006041813, z: 0.099320404, w: 0.9950553}
  m_LocalPosition: {x: -0.08679619, y: 0, z: -7.4505804e-11}
  m_LocalScale: {x: 0.99999994, y: 1, z: 1}
  m_Children: []
  m_Father: {fileID: 2562800565543475520}
  m_RootOrder: 0
  m_LocalEulerAnglesHint: {x: 0, y: 0, z: 0}
--- !u!1 &2562800565543503140
GameObject:
  m_ObjectHideFlags: 0
  m_CorrespondingSourceObject: {fileID: 0}
  m_PrefabInstance: {fileID: 0}
  m_PrefabAsset: {fileID: 0}
  serializedVersion: 6
  m_Component:
  - component: {fileID: 2562800565543475456}
  m_Layer: 0
  m_Name: RigArmRightFing43
  m_TagString: Untagged
  m_Icon: {fileID: 0}
  m_NavMeshLayer: 0
  m_StaticEditorFlags: 0
  m_IsActive: 1
--- !u!4 &2562800565543475456
Transform:
  m_ObjectHideFlags: 0
  m_CorrespondingSourceObject: {fileID: 0}
  m_PrefabInstance: {fileID: 0}
  m_PrefabAsset: {fileID: 0}
  m_GameObject: {fileID: 2562800565543503140}
  m_LocalRotation: {x: 0.009497812, y: -0.011592956, z: 0.07302364, w: 0.9972176}
  m_LocalPosition: {x: -0.018204765, y: -0.000000019073486, z: 0.000000011920928}
  m_LocalScale: {x: 1.0000002, y: 1, z: 0.99999994}
  m_Children: []
  m_Father: {fileID: 2562800565543475462}
  m_RootOrder: 0
  m_LocalEulerAnglesHint: {x: 0, y: 0, z: 0}
--- !u!1 &2562800565543503142
GameObject:
  m_ObjectHideFlags: 0
  m_CorrespondingSourceObject: {fileID: 0}
  m_PrefabInstance: {fileID: 0}
  m_PrefabAsset: {fileID: 0}
  serializedVersion: 6
  m_Component:
  - component: {fileID: 2562800565543475472}
  m_Layer: 0
  m_Name: RigPistolRight
  m_TagString: Untagged
  m_Icon: {fileID: 0}
  m_NavMeshLayer: 0
  m_StaticEditorFlags: 0
  m_IsActive: 1
--- !u!4 &2562800565543475472
Transform:
  m_ObjectHideFlags: 0
  m_CorrespondingSourceObject: {fileID: 0}
  m_PrefabInstance: {fileID: 0}
  m_PrefabAsset: {fileID: 0}
  m_GameObject: {fileID: 2562800565543503142}
  m_LocalRotation: {x: 0.6917773, y: 0.7120634, z: 0.11947505, w: -0.01164788}
  m_LocalPosition: {x: -0.064742886, y: -0.021030808, z: 0.001257472}
  m_LocalScale: {x: 0.9999998, y: 1.0000001, z: 1.0000001}
  m_Children: []
  m_Father: {fileID: 2562800565543475486}
  m_RootOrder: 4
  m_LocalEulerAnglesHint: {x: 0, y: 0, z: 0}
--- !u!1 &2562800565543503144
GameObject:
  m_ObjectHideFlags: 0
  m_CorrespondingSourceObject: {fileID: 0}
  m_PrefabInstance: {fileID: 0}
  m_PrefabAsset: {fileID: 0}
  serializedVersion: 6
  m_Component:
  - component: {fileID: 2562800565543475478}
  m_Layer: 0
  m_Name: RigArmRightFing41
  m_TagString: Untagged
  m_Icon: {fileID: 0}
  m_NavMeshLayer: 0
  m_StaticEditorFlags: 0
  m_IsActive: 1
--- !u!4 &2562800565543475478
Transform:
  m_ObjectHideFlags: 0
  m_CorrespondingSourceObject: {fileID: 0}
  m_PrefabInstance: {fileID: 0}
  m_PrefabAsset: {fileID: 0}
  m_GameObject: {fileID: 2562800565543503144}
  m_LocalRotation: {x: 0.055307753, y: -0.0015105105, z: 0.104534276, w: 0.9929811}
  m_LocalPosition: {x: -0.069626786, y: -0.006484947, z: 0.021167144}
  m_LocalScale: {x: 1.0000001, y: 0.9999999, z: 1}
  m_Children:
  - {fileID: 2562800565543475462}
  m_Father: {fileID: 2562800565543475486}
  m_RootOrder: 3
  m_LocalEulerAnglesHint: {x: 0, y: 0, z: 0}
--- !u!1 &2562800565543503146
GameObject:
  m_ObjectHideFlags: 0
  m_CorrespondingSourceObject: {fileID: 0}
  m_PrefabInstance: {fileID: 0}
  m_PrefabAsset: {fileID: 0}
  serializedVersion: 6
  m_Component:
  - component: {fileID: 2562800565543475462}
  m_Layer: 0
  m_Name: RigArmRightFing42
  m_TagString: Untagged
  m_Icon: {fileID: 0}
  m_NavMeshLayer: 0
  m_StaticEditorFlags: 0
  m_IsActive: 1
--- !u!4 &2562800565543475462
Transform:
  m_ObjectHideFlags: 0
  m_CorrespondingSourceObject: {fileID: 0}
  m_PrefabInstance: {fileID: 0}
  m_PrefabAsset: {fileID: 0}
  m_GameObject: {fileID: 2562800565543503146}
  m_LocalRotation: {x: 0.000045858986, y: -0.0006155619, z: 0.06997907, w: 0.9975483}
  m_LocalPosition: {x: -0.013669395, y: 0.000000038146972, z: -0.0000000023841857}
  m_LocalScale: {x: 1.0000002, y: 0.9999999, z: 1.0000001}
  m_Children:
  - {fileID: 2562800565543475456}
  m_Father: {fileID: 2562800565543475478}
  m_RootOrder: 0
  m_LocalEulerAnglesHint: {x: 0, y: 0, z: 0}
--- !u!1 &2562800565543503148
GameObject:
  m_ObjectHideFlags: 0
  m_CorrespondingSourceObject: {fileID: 0}
  m_PrefabInstance: {fileID: 0}
  m_PrefabAsset: {fileID: 0}
  serializedVersion: 6
  m_Component:
  - component: {fileID: 2562800565543475466}
  m_Layer: 0
  m_Name: RigArmRightFing32
  m_TagString: Untagged
  m_Icon: {fileID: 0}
  m_NavMeshLayer: 0
  m_StaticEditorFlags: 0
  m_IsActive: 1
--- !u!4 &2562800565543475466
Transform:
  m_ObjectHideFlags: 0
  m_CorrespondingSourceObject: {fileID: 0}
  m_PrefabInstance: {fileID: 0}
  m_PrefabAsset: {fileID: 0}
  m_GameObject: {fileID: 2562800565543503148}
  m_LocalRotation: {x: -0.00002623613, y: 0.0003759954, z: 0.07970756, w: 0.99681824}
  m_LocalPosition: {x: -0.01608055, y: 0, z: 0.0000000047683715}
  m_LocalScale: {x: 1.0000004, y: 0.99999964, z: 1}
  m_Children:
  - {fileID: 2562800565543475460}
  m_Father: {fileID: 2562800565543475476}
  m_RootOrder: 0
  m_LocalEulerAnglesHint: {x: 0, y: 0, z: 0}
--- !u!1 &2562800565543503150
GameObject:
  m_ObjectHideFlags: 0
  m_CorrespondingSourceObject: {fileID: 0}
  m_PrefabInstance: {fileID: 0}
  m_PrefabAsset: {fileID: 0}
  serializedVersion: 6
  m_Component:
  - component: {fileID: 2562800565543475460}
  m_Layer: 0
  m_Name: RigArmRightFing33
  m_TagString: Untagged
  m_Icon: {fileID: 0}
  m_NavMeshLayer: 0
  m_StaticEditorFlags: 0
  m_IsActive: 1
--- !u!4 &2562800565543475460
Transform:
  m_ObjectHideFlags: 0
  m_CorrespondingSourceObject: {fileID: 0}
  m_PrefabInstance: {fileID: 0}
  m_PrefabAsset: {fileID: 0}
  m_GameObject: {fileID: 2562800565543503150}
  m_LocalRotation: {x: 0.008296076, y: -0.011210243, z: 0.041526314, w: 0.99904007}
  m_LocalPosition: {x: -0.01501522, y: 0, z: 0.000000007152557}
  m_LocalScale: {x: 1.0000005, y: 0.9999999, z: 0.99999964}
  m_Children: []
  m_Father: {fileID: 2562800565543475466}
  m_RootOrder: 0
  m_LocalEulerAnglesHint: {x: 0, y: 0, z: 0}
--- !u!1 &2562800565543503152
GameObject:
  m_ObjectHideFlags: 0
  m_CorrespondingSourceObject: {fileID: 0}
  m_PrefabInstance: {fileID: 0}
  m_PrefabAsset: {fileID: 0}
  serializedVersion: 6
  m_Component:
  - component: {fileID: 2562800565543475464}
  m_Layer: 0
  m_Name: RigArmRightFing23
  m_TagString: Untagged
  m_Icon: {fileID: 0}
  m_NavMeshLayer: 0
  m_StaticEditorFlags: 0
  m_IsActive: 1
--- !u!4 &2562800565543475464
Transform:
  m_ObjectHideFlags: 0
  m_CorrespondingSourceObject: {fileID: 0}
  m_PrefabInstance: {fileID: 0}
  m_PrefabAsset: {fileID: 0}
  m_GameObject: {fileID: 2562800565543503152}
  m_LocalRotation: {x: 0.011758526, y: -0.009234519, z: 0.045011044, w: 0.9988746}
  m_LocalPosition: {x: -0.016311988, y: 0.000000019073486, z: 0.000000038146972}
  m_LocalScale: {x: 0.99999976, y: 1.0000002, z: 0.99999994}
  m_Children: []
  m_Father: {fileID: 2562800565543475470}
  m_RootOrder: 0
  m_LocalEulerAnglesHint: {x: 0, y: 0, z: 0}
--- !u!1 &2562800565543503154
GameObject:
  m_ObjectHideFlags: 0
  m_CorrespondingSourceObject: {fileID: 0}
  m_PrefabInstance: {fileID: 0}
  m_PrefabAsset: {fileID: 0}
  serializedVersion: 6
  m_Component:
  - component: {fileID: 2562800565543475476}
  m_Layer: 0
  m_Name: RigArmRightFing31
  m_TagString: Untagged
  m_Icon: {fileID: 0}
  m_NavMeshLayer: 0
  m_StaticEditorFlags: 0
  m_IsActive: 1
--- !u!4 &2562800565543475476
Transform:
  m_ObjectHideFlags: 0
  m_CorrespondingSourceObject: {fileID: 0}
  m_PrefabInstance: {fileID: 0}
  m_PrefabAsset: {fileID: 0}
  m_GameObject: {fileID: 2562800565543503154}
  m_LocalRotation: {x: -0.0023439154, y: 0.006519661, z: 0.10101024, w: 0.9948613}
  m_LocalPosition: {x: -0.06919815, y: -0.004624672, z: 0.0000000047683715}
  m_LocalScale: {x: 1.0000001, y: 0.9999998, z: 1}
  m_Children:
  - {fileID: 2562800565543475466}
  m_Father: {fileID: 2562800565543475486}
  m_RootOrder: 2
  m_LocalEulerAnglesHint: {x: 0, y: 0, z: 0}
--- !u!1 &2562800565543503156
GameObject:
  m_ObjectHideFlags: 0
  m_CorrespondingSourceObject: {fileID: 0}
  m_PrefabInstance: {fileID: 0}
  m_PrefabAsset: {fileID: 0}
  serializedVersion: 6
  m_Component:
  - component: {fileID: 2562800565543475482}
  m_Layer: 0
  m_Name: RigArmRightFing21
  m_TagString: Untagged
  m_Icon: {fileID: 0}
  m_NavMeshLayer: 0
  m_StaticEditorFlags: 0
  m_IsActive: 1
--- !u!4 &2562800565543475482
Transform:
  m_ObjectHideFlags: 0
  m_CorrespondingSourceObject: {fileID: 0}
  m_PrefabInstance: {fileID: 0}
  m_PrefabAsset: {fileID: 0}
  m_GameObject: {fileID: 2562800565543503156}
  m_LocalRotation: {x: -0.009389001, y: 0.028058846, z: 0.12655514, w: 0.9915182}
  m_LocalPosition: {x: -0.06893747, y: -0.0036942672, z: -0.019970838}
  m_LocalScale: {x: 1.0000002, y: 0.9999999, z: 1}
  m_Children:
  - {fileID: 2562800565543475470}
  m_Father: {fileID: 2562800565543475486}
  m_RootOrder: 1
  m_LocalEulerAnglesHint: {x: 0, y: 0, z: 0}
--- !u!1 &2562800565543503158
GameObject:
  m_ObjectHideFlags: 0
  m_CorrespondingSourceObject: {fileID: 0}
  m_PrefabInstance: {fileID: 0}
  m_PrefabAsset: {fileID: 0}
  serializedVersion: 6
  m_Component:
  - component: {fileID: 2562800565543475470}
  m_Layer: 0
  m_Name: RigArmRightFing22
  m_TagString: Untagged
  m_Icon: {fileID: 0}
  m_NavMeshLayer: 0
  m_StaticEditorFlags: 0
  m_IsActive: 1
--- !u!4 &2562800565543475470
Transform:
  m_ObjectHideFlags: 0
  m_CorrespondingSourceObject: {fileID: 0}
  m_PrefabInstance: {fileID: 0}
  m_PrefabAsset: {fileID: 0}
  m_GameObject: {fileID: 2562800565543503158}
  m_LocalRotation: {x: -0.00006243795, y: -0.0021597112, z: 0.061949704, w: 0.998077}
  m_LocalPosition: {x: -0.014104881, y: 0, z: -0.0000000023841857}
  m_LocalScale: {x: 1.0000004, y: 0.99999976, z: 1}
  m_Children:
  - {fileID: 2562800565543475464}
  m_Father: {fileID: 2562800565543475482}
  m_RootOrder: 0
  m_LocalEulerAnglesHint: {x: 0, y: 0, z: 0}
--- !u!1 &2562800565543503160
GameObject:
  m_ObjectHideFlags: 0
  m_CorrespondingSourceObject: {fileID: 0}
  m_PrefabInstance: {fileID: 0}
  m_PrefabAsset: {fileID: 0}
  serializedVersion: 6
  m_Component:
  - component: {fileID: 2562800565543475474}
  m_Layer: 0
  m_Name: RigArmRightFing12
  m_TagString: Untagged
  m_Icon: {fileID: 0}
  m_NavMeshLayer: 0
  m_StaticEditorFlags: 0
  m_IsActive: 1
--- !u!4 &2562800565543475474
Transform:
  m_ObjectHideFlags: 0
  m_CorrespondingSourceObject: {fileID: 0}
  m_PrefabInstance: {fileID: 0}
  m_PrefabAsset: {fileID: 0}
  m_GameObject: {fileID: 2562800565543503160}
  m_LocalRotation: {x: 0.000020885347, y: 0.15970433, z: 0.000017391736, w: 0.9871649}
  m_LocalPosition: {x: -0.03159382, y: 0.000000038146972, z: 0.000000028610229}
  m_LocalScale: {x: 1.0000002, y: 1, z: 0.99999976}
  m_Children:
  - {fileID: 2562800565543475468}
  m_Father: {fileID: 2562800565543475480}
  m_RootOrder: 0
  m_LocalEulerAnglesHint: {x: 0, y: 0, z: 0}
--- !u!1 &2562800565543503162
GameObject:
  m_ObjectHideFlags: 0
  m_CorrespondingSourceObject: {fileID: 0}
  m_PrefabInstance: {fileID: 0}
  m_PrefabAsset: {fileID: 0}
  serializedVersion: 6
  m_Component:
  - component: {fileID: 2562800565543475468}
  m_Layer: 0
  m_Name: RigArmRightFing13
  m_TagString: Untagged
  m_Icon: {fileID: 0}
  m_NavMeshLayer: 0
  m_StaticEditorFlags: 0
  m_IsActive: 1
--- !u!4 &2562800565543475468
Transform:
  m_ObjectHideFlags: 0
  m_CorrespondingSourceObject: {fileID: 0}
  m_PrefabInstance: {fileID: 0}
  m_PrefabAsset: {fileID: 0}
  m_GameObject: {fileID: 2562800565543503162}
  m_LocalRotation: {x: 0.0000063053903, y: 0.0931377, z: -0.000059945825, w: 0.9956533}
  m_LocalPosition: {x: -0.015269089, y: -0.000000038146972, z: 0.000000009536743}
  m_LocalScale: {x: 1.0000004, y: 1, z: 0.99999976}
  m_Children: []
  m_Father: {fileID: 2562800565543475474}
  m_RootOrder: 0
  m_LocalEulerAnglesHint: {x: 0, y: 0, z: 0}
--- !u!1 &2562800565543503164
GameObject:
  m_ObjectHideFlags: 0
  m_CorrespondingSourceObject: {fileID: 0}
  m_PrefabInstance: {fileID: 0}
  m_PrefabAsset: {fileID: 0}
  serializedVersion: 6
  m_Component:
  - component: {fileID: 2562800565543475486}
  m_Layer: 0
  m_Name: RigArmRight3
  m_TagString: Untagged
  m_Icon: {fileID: 0}
  m_NavMeshLayer: 0
  m_StaticEditorFlags: 0
  m_IsActive: 1
--- !u!4 &2562800565543475486
Transform:
  m_ObjectHideFlags: 0
  m_CorrespondingSourceObject: {fileID: 0}
  m_PrefabInstance: {fileID: 0}
  m_PrefabAsset: {fileID: 0}
  m_GameObject: {fileID: 2562800565543503164}
  m_LocalRotation: {x: 0.66058564, y: -0.03674357, z: 0.05939423, w: 0.74749506}
  m_LocalPosition: {x: -0.12248317, y: -0.000000026226044, z: -0.000000038146972}
  m_LocalScale: {x: 1.0000001, y: 0.99999994, z: 1}
  m_Children:
  - {fileID: 2562800565543475480}
  - {fileID: 2562800565543475482}
  - {fileID: 2562800565543475476}
  - {fileID: 2562800565543475478}
  - {fileID: 2562800565543475472}
  m_Father: {fileID: 2562800565543475484}
  m_RootOrder: 0
  m_LocalEulerAnglesHint: {x: 0, y: 0, z: 0}
--- !u!1 &2562800565543503166
GameObject:
  m_ObjectHideFlags: 0
  m_CorrespondingSourceObject: {fileID: 0}
  m_PrefabInstance: {fileID: 0}
  m_PrefabAsset: {fileID: 0}
  serializedVersion: 6
  m_Component:
  - component: {fileID: 2562800565543475480}
  m_Layer: 0
  m_Name: RigArmRightFing11
  m_TagString: Untagged
  m_Icon: {fileID: 0}
  m_NavMeshLayer: 0
  m_StaticEditorFlags: 0
  m_IsActive: 1
--- !u!4 &2562800565543475480
Transform:
  m_ObjectHideFlags: 0
  m_CorrespondingSourceObject: {fileID: 0}
  m_PrefabInstance: {fileID: 0}
  m_PrefabAsset: {fileID: 0}
  m_GameObject: {fileID: 2562800565543503166}
  m_LocalRotation: {x: -0.15416156, y: -0.28524068, z: 0.11256793, w: 0.93925524}
  m_LocalPosition: {x: -0.02102398, y: -0.020841865, z: -0.011304872}
  m_LocalScale: {x: 0.99999994, y: 1, z: 1.0000001}
  m_Children:
  - {fileID: 2562800565543475474}
  m_Father: {fileID: 2562800565543475486}
  m_RootOrder: 0
  m_LocalEulerAnglesHint: {x: 0, y: 0, z: 0}
--- !u!1 &2562800565543503168
GameObject:
  m_ObjectHideFlags: 0
  m_CorrespondingSourceObject: {fileID: 0}
  m_PrefabInstance: {fileID: 0}
  m_PrefabAsset: {fileID: 0}
  serializedVersion: 6
  m_Component:
  - component: {fileID: 2562800565543475490}
  m_Layer: 0
  m_Name: RigArmRight1
  m_TagString: Untagged
  m_Icon: {fileID: 0}
  m_NavMeshLayer: 0
  m_StaticEditorFlags: 0
  m_IsActive: 1
--- !u!4 &2562800565543475490
Transform:
  m_ObjectHideFlags: 0
  m_CorrespondingSourceObject: {fileID: 0}
  m_PrefabInstance: {fileID: 0}
  m_PrefabAsset: {fileID: 0}
  m_GameObject: {fileID: 2562800565543503168}
  m_LocalRotation: {x: 0.048143502, y: -0.3998475, z: -0.006782166, w: 0.9152913}
  m_LocalPosition: {x: -0.06763689, y: -0.000000009536743, z: 0.000000076293944}
  m_LocalScale: {x: 0.9999999, y: 1, z: 1.0000001}
  m_Children:
  - {fileID: 2562800565543475484}
  m_Father: {fileID: 2562800565543475526}
  m_RootOrder: 0
  m_LocalEulerAnglesHint: {x: 0, y: 0, z: 0}
--- !u!1 &2562800565543503170
GameObject:
  m_ObjectHideFlags: 0
  m_CorrespondingSourceObject: {fileID: 0}
  m_PrefabInstance: {fileID: 0}
  m_PrefabAsset: {fileID: 0}
  serializedVersion: 6
  m_Component:
  - component: {fileID: 2562800565543475484}
  m_Layer: 0
  m_Name: RigArmRight2
  m_TagString: Untagged
  m_Icon: {fileID: 0}
  m_NavMeshLayer: 0
  m_StaticEditorFlags: 0
  m_IsActive: 1
--- !u!4 &2562800565543475484
Transform:
  m_ObjectHideFlags: 0
  m_CorrespondingSourceObject: {fileID: 0}
  m_PrefabInstance: {fileID: 0}
  m_PrefabAsset: {fileID: 0}
  m_GameObject: {fileID: 2562800565543503170}
  m_LocalRotation: {x: -0.036891792, y: -0.014993658, z: -0.021100514, w: 0.998984}
  m_LocalPosition: {x: -0.13784942, y: -0.000000038146972, z: -0.000000038146972}
  m_LocalScale: {x: 1, y: 1, z: 0.99999994}
  m_Children:
  - {fileID: 2562800565543475486}
  m_Father: {fileID: 2562800565543475490}
  m_RootOrder: 0
  m_LocalEulerAnglesHint: {x: 0, y: 0, z: 0}
--- !u!1 &2562800565543503172
GameObject:
  m_ObjectHideFlags: 0
  m_CorrespondingSourceObject: {fileID: 0}
  m_PrefabInstance: {fileID: 0}
  m_PrefabAsset: {fileID: 0}
  serializedVersion: 6
  m_Component:
  - component: {fileID: 2562800565543475504}
  m_Layer: 0
  m_Name: RigLeftPistol
  m_TagString: Untagged
  m_Icon: {fileID: 0}
  m_NavMeshLayer: 0
  m_StaticEditorFlags: 0
  m_IsActive: 1
--- !u!4 &2562800565543475504
Transform:
  m_ObjectHideFlags: 0
  m_CorrespondingSourceObject: {fileID: 0}
  m_PrefabInstance: {fileID: 0}
  m_PrefabAsset: {fileID: 0}
  m_GameObject: {fileID: 2562800565543503172}
  m_LocalRotation: {x: -0.11947515, y: -0.011648016, z: -0.6917773, w: 0.71206343}
  m_LocalPosition: {x: -0.06474292, y: -0.021030808, z: -0.0012574435}
  m_LocalScale: {x: 1.0000002, y: 0.99999994, z: 0.99999994}
  m_Children: []
  m_Father: {fileID: 2562800565543475518}
  m_RootOrder: 4
  m_LocalEulerAnglesHint: {x: 0, y: 0, z: 0}
--- !u!1 &2562800565543503174
GameObject:
  m_ObjectHideFlags: 0
  m_CorrespondingSourceObject: {fileID: 0}
  m_PrefabInstance: {fileID: 0}
  m_PrefabAsset: {fileID: 0}
  serializedVersion: 6
  m_Component:
  - component: {fileID: 2562800565543475526}
  m_Layer: 0
  m_Name: RigArmRightCollarbone
  m_TagString: Untagged
  m_Icon: {fileID: 0}
  m_NavMeshLayer: 0
  m_StaticEditorFlags: 0
  m_IsActive: 1
--- !u!4 &2562800565543475526
Transform:
  m_ObjectHideFlags: 0
  m_CorrespondingSourceObject: {fileID: 0}
  m_PrefabInstance: {fileID: 0}
  m_PrefabAsset: {fileID: 0}
  m_GameObject: {fileID: 2562800565543503174}
  m_LocalRotation: {x: -0.10207676, y: -0.7484004, z: -0.035767294, w: 0.6543684}
  m_LocalPosition: {x: -0.057447508, y: -0.0077187344, z: -0.012480022}
  m_LocalScale: {x: 1, y: 1, z: 0.99999994}
  m_Children:
  - {fileID: 2562800565543475490}
  m_Father: {fileID: 2562800565543475530}
  m_RootOrder: 1
  m_LocalEulerAnglesHint: {x: 0, y: 0, z: 0}
--- !u!1 &2562800565543503176
GameObject:
  m_ObjectHideFlags: 0
  m_CorrespondingSourceObject: {fileID: 0}
  m_PrefabInstance: {fileID: 0}
  m_PrefabAsset: {fileID: 0}
  serializedVersion: 6
  m_Component:
  - component: {fileID: 2562800565543475494}
  m_Layer: 0
  m_Name: RigArmLeftFing42
  m_TagString: Untagged
  m_Icon: {fileID: 0}
  m_NavMeshLayer: 0
  m_StaticEditorFlags: 0
  m_IsActive: 1
--- !u!4 &2562800565543475494
Transform:
  m_ObjectHideFlags: 0
  m_CorrespondingSourceObject: {fileID: 0}
  m_PrefabInstance: {fileID: 0}
  m_PrefabAsset: {fileID: 0}
  m_GameObject: {fileID: 2562800565543503176}
  m_LocalRotation: {x: -0.000043113534, y: 0.0006159415, z: 0.069979146, w: 0.9975483}
  m_LocalPosition: {x: -0.013669357, y: 0, z: -0.0000000023841857}
  m_LocalScale: {x: 0.99999976, y: 1.0000002, z: 1.0000001}
  m_Children:
  - {fileID: 2562800565543475488}
  m_Father: {fileID: 2562800565543475510}
  m_RootOrder: 0
  m_LocalEulerAnglesHint: {x: 0, y: 0, z: 0}
--- !u!1 &2562800565543503178
GameObject:
  m_ObjectHideFlags: 0
  m_CorrespondingSourceObject: {fileID: 0}
  m_PrefabInstance: {fileID: 0}
  m_PrefabAsset: {fileID: 0}
  serializedVersion: 6
  m_Component:
  - component: {fileID: 2562800565543475488}
  m_Layer: 0
  m_Name: RigArmLeftFing43
  m_TagString: Untagged
  m_Icon: {fileID: 0}
  m_NavMeshLayer: 0
  m_StaticEditorFlags: 0
  m_IsActive: 1
--- !u!4 &2562800565543475488
Transform:
  m_ObjectHideFlags: 0
  m_CorrespondingSourceObject: {fileID: 0}
  m_PrefabInstance: {fileID: 0}
  m_PrefabAsset: {fileID: 0}
  m_GameObject: {fileID: 2562800565543503178}
  m_LocalRotation: {x: -0.009489088, y: 0.011592946, z: 0.073023275, w: 0.9972177}
  m_LocalPosition: {x: -0.018204842, y: 0, z: 0.0000000023841857}
  m_LocalScale: {x: 0.99999976, y: 1.0000001, z: 1.0000004}
  m_Children: []
  m_Father: {fileID: 2562800565543475494}
  m_RootOrder: 0
  m_LocalEulerAnglesHint: {x: 0, y: 0, z: 0}
--- !u!1 &2562800565543503180
GameObject:
  m_ObjectHideFlags: 0
  m_CorrespondingSourceObject: {fileID: 0}
  m_PrefabInstance: {fileID: 0}
  m_PrefabAsset: {fileID: 0}
  serializedVersion: 6
  m_Component:
  - component: {fileID: 2562800565543475492}
  m_Layer: 0
  m_Name: RigArmLeftFing33
  m_TagString: Untagged
  m_Icon: {fileID: 0}
  m_NavMeshLayer: 0
  m_StaticEditorFlags: 0
  m_IsActive: 1
--- !u!4 &2562800565543475492
Transform:
  m_ObjectHideFlags: 0
  m_CorrespondingSourceObject: {fileID: 0}
  m_PrefabInstance: {fileID: 0}
  m_PrefabAsset: {fileID: 0}
  m_GameObject: {fileID: 2562800565543503180}
  m_LocalRotation: {x: -0.008286958, y: 0.011210323, z: 0.041525654, w: 0.9990402}
  m_LocalPosition: {x: -0.015015182, y: 0, z: 0.000000007152557}
  m_LocalScale: {x: 0.9999998, y: 1.0000001, z: 1.0000004}
  m_Children: []
  m_Father: {fileID: 2562800565543475498}
  m_RootOrder: 0
  m_LocalEulerAnglesHint: {x: 0, y: 0, z: 0}
--- !u!1 &2562800565543503182
GameObject:
  m_ObjectHideFlags: 0
  m_CorrespondingSourceObject: {fileID: 0}
  m_PrefabInstance: {fileID: 0}
  m_PrefabAsset: {fileID: 0}
  serializedVersion: 6
  m_Component:
  - component: {fileID: 2562800565543475510}
  m_Layer: 0
  m_Name: RigArmLeftFing41
  m_TagString: Untagged
  m_Icon: {fileID: 0}
  m_NavMeshLayer: 0
  m_StaticEditorFlags: 0
  m_IsActive: 1
--- !u!4 &2562800565543475510
Transform:
  m_ObjectHideFlags: 0
  m_CorrespondingSourceObject: {fileID: 0}
  m_PrefabInstance: {fileID: 0}
  m_PrefabAsset: {fileID: 0}
  m_GameObject: {fileID: 2562800565543503182}
  m_LocalRotation: {x: -0.05530743, y: 0.0015107251, z: 0.104534246, w: 0.9929811}
  m_LocalPosition: {x: -0.06962677, y: -0.006484909, z: -0.02116712}
  m_LocalScale: {x: 0.9999998, y: 1.0000002, z: 1}
  m_Children:
  - {fileID: 2562800565543475494}
  m_Father: {fileID: 2562800565543475518}
  m_RootOrder: 3
  m_LocalEulerAnglesHint: {x: 0, y: 0, z: 0}
--- !u!1 &2562800565543503184
GameObject:
  m_ObjectHideFlags: 0
  m_CorrespondingSourceObject: {fileID: 0}
  m_PrefabInstance: {fileID: 0}
  m_PrefabAsset: {fileID: 0}
  serializedVersion: 6
  m_Component:
  - component: {fileID: 2562800565543475508}
  m_Layer: 0
  m_Name: RigArmLeftFing31
  m_TagString: Untagged
  m_Icon: {fileID: 0}
  m_NavMeshLayer: 0
  m_StaticEditorFlags: 0
  m_IsActive: 1
--- !u!4 &2562800565543475508
Transform:
  m_ObjectHideFlags: 0
  m_CorrespondingSourceObject: {fileID: 0}
  m_PrefabInstance: {fileID: 0}
  m_PrefabAsset: {fileID: 0}
  m_GameObject: {fileID: 2562800565543503184}
  m_LocalRotation: {x: 0.0023446134, y: -0.006519284, z: 0.101010054, w: 0.9948613}
  m_LocalPosition: {x: -0.06919817, y: -0.0046246336, z: 0.000000019073486}
  m_LocalScale: {x: 0.9999999, y: 1.0000002, z: 1.0000001}
  m_Children:
  - {fileID: 2562800565543475498}
  m_Father: {fileID: 2562800565543475518}
  m_RootOrder: 2
  m_LocalEulerAnglesHint: {x: 0, y: 0, z: 0}
--- !u!1 &2562800565543503186
GameObject:
  m_ObjectHideFlags: 0
  m_CorrespondingSourceObject: {fileID: 0}
  m_PrefabInstance: {fileID: 0}
  m_PrefabAsset: {fileID: 0}
  serializedVersion: 6
  m_Component:
  - component: {fileID: 2562800565543475498}
  m_Layer: 0
  m_Name: RigArmLeftFing32
  m_TagString: Untagged
  m_Icon: {fileID: 0}
  m_NavMeshLayer: 0
  m_StaticEditorFlags: 0
  m_IsActive: 1
--- !u!4 &2562800565543475498
Transform:
  m_ObjectHideFlags: 0
  m_CorrespondingSourceObject: {fileID: 0}
  m_PrefabInstance: {fileID: 0}
  m_PrefabAsset: {fileID: 0}
  m_GameObject: {fileID: 2562800565543503186}
  m_LocalRotation: {x: 0.000031549796, y: -0.00037527594, z: 0.079707235, w: 0.99681824}
  m_LocalPosition: {x: -0.01608055, y: 0, z: 0.000000009536743}
  m_LocalScale: {x: 0.9999998, y: 1.0000002, z: 1.0000001}
  m_Children:
  - {fileID: 2562800565543475492}
  m_Father: {fileID: 2562800565543475508}
  m_RootOrder: 0
  m_LocalEulerAnglesHint: {x: 0, y: 0, z: 0}
--- !u!1 &2562800565543503188
GameObject:
  m_ObjectHideFlags: 0
  m_CorrespondingSourceObject: {fileID: 0}
  m_PrefabInstance: {fileID: 0}
  m_PrefabAsset: {fileID: 0}
  serializedVersion: 6
  m_Component:
  - component: {fileID: 2562800565543475502}
  m_Layer: 0
  m_Name: RigArmLeftFing22
  m_TagString: Untagged
  m_Icon: {fileID: 0}
  m_NavMeshLayer: 0
  m_StaticEditorFlags: 0
  m_IsActive: 1
--- !u!4 &2562800565543475502
Transform:
  m_ObjectHideFlags: 0
  m_CorrespondingSourceObject: {fileID: 0}
  m_PrefabInstance: {fileID: 0}
  m_PrefabAsset: {fileID: 0}
  m_GameObject: {fileID: 2562800565543503188}
  m_LocalRotation: {x: 0.00006290526, y: 0.0021609175, z: 0.06195059, w: 0.9980769}
  m_LocalPosition: {x: -0.014104843, y: 0, z: -0.0000000023841857}
  m_LocalScale: {x: 0.9999997, y: 1.0000005, z: 1.0000001}
  m_Children:
  - {fileID: 2562800565543475496}
  m_Father: {fileID: 2562800565543475514}
  m_RootOrder: 0
  m_LocalEulerAnglesHint: {x: 0, y: 0, z: 0}
--- !u!1 &2562800565543503190
GameObject:
  m_ObjectHideFlags: 0
  m_CorrespondingSourceObject: {fileID: 0}
  m_PrefabInstance: {fileID: 0}
  m_PrefabAsset: {fileID: 0}
  serializedVersion: 6
  m_Component:
  - component: {fileID: 2562800565543475496}
  m_Layer: 0
  m_Name: RigArmLeftFing23
  m_TagString: Untagged
  m_Icon: {fileID: 0}
  m_NavMeshLayer: 0
  m_StaticEditorFlags: 0
  m_IsActive: 1
--- !u!4 &2562800565543475496
Transform:
  m_ObjectHideFlags: 0
  m_CorrespondingSourceObject: {fileID: 0}
  m_PrefabInstance: {fileID: 0}
  m_PrefabAsset: {fileID: 0}
  m_GameObject: {fileID: 2562800565543503190}
  m_LocalRotation: {x: -0.011755611, y: 0.009236606, z: 0.04501327, w: 0.99887455}
  m_LocalPosition: {x: -0.016311988, y: -0.000000019073486, z: 0.000000038146972}
  m_LocalScale: {x: 1.0000002, y: 1, z: 1.0000001}
  m_Children: []
  m_Father: {fileID: 2562800565543475502}
  m_RootOrder: 0
  m_LocalEulerAnglesHint: {x: 0, y: 0, z: 0}
--- !u!1 &2562800565543503192
GameObject:
  m_ObjectHideFlags: 0
  m_CorrespondingSourceObject: {fileID: 0}
  m_PrefabInstance: {fileID: 0}
  m_PrefabAsset: {fileID: 0}
  serializedVersion: 6
  m_Component:
  - component: {fileID: 2562800565543475500}
  m_Layer: 0
  m_Name: RigArmLeftFing13
  m_TagString: Untagged
  m_Icon: {fileID: 0}
  m_NavMeshLayer: 0
  m_StaticEditorFlags: 0
  m_IsActive: 1
--- !u!4 &2562800565543475500
Transform:
  m_ObjectHideFlags: 0
  m_CorrespondingSourceObject: {fileID: 0}
  m_PrefabInstance: {fileID: 0}
  m_PrefabAsset: {fileID: 0}
  m_GameObject: {fileID: 2562800565543503192}
  m_LocalRotation: {x: -0.000008562829, y: -0.09313756, z: -0.0000635394, w: 0.9956533}
  m_LocalPosition: {x: -0.015269089, y: 0.000000076293944, z: 0.0000000047683715}
  m_LocalScale: {x: 0.99999964, y: 0.99999994, z: 1.0000005}
  m_Children: []
  m_Father: {fileID: 2562800565543475506}
  m_RootOrder: 0
  m_LocalEulerAnglesHint: {x: 0, y: 0, z: 0}
--- !u!1 &2562800565543503194
GameObject:
  m_ObjectHideFlags: 0
  m_CorrespondingSourceObject: {fileID: 0}
  m_PrefabInstance: {fileID: 0}
  m_PrefabAsset: {fileID: 0}
  serializedVersion: 6
  m_Component:
  - component: {fileID: 2562800565543475514}
  m_Layer: 0
  m_Name: RigArmLeftFing21
  m_TagString: Untagged
  m_Icon: {fileID: 0}
  m_NavMeshLayer: 0
  m_StaticEditorFlags: 0
  m_IsActive: 1
--- !u!4 &2562800565543475514
Transform:
  m_ObjectHideFlags: 0
  m_CorrespondingSourceObject: {fileID: 0}
  m_PrefabInstance: {fileID: 0}
  m_PrefabAsset: {fileID: 0}
  m_GameObject: {fileID: 2562800565543503194}
  m_LocalRotation: {x: 0.009388068, y: -0.02805892, z: 0.1265548, w: 0.99151826}
  m_LocalPosition: {x: -0.06893745, y: -0.003694229, z: 0.019970866}
  m_LocalScale: {x: 0.9999999, y: 1.0000002, z: 1.0000001}
  m_Children:
  - {fileID: 2562800565543475502}
  m_Father: {fileID: 2562800565543475518}
  m_RootOrder: 1
  m_LocalEulerAnglesHint: {x: 0, y: 0, z: 0}
--- !u!1 &2562800565543503196
GameObject:
  m_ObjectHideFlags: 0
  m_CorrespondingSourceObject: {fileID: 0}
  m_PrefabInstance: {fileID: 0}
  m_PrefabAsset: {fileID: 0}
  serializedVersion: 6
  m_Component:
  - component: {fileID: 2562800565543475512}
  m_Layer: 0
  m_Name: RigArmLeftFing11
  m_TagString: Untagged
  m_Icon: {fileID: 0}
  m_NavMeshLayer: 0
  m_StaticEditorFlags: 0
  m_IsActive: 1
--- !u!4 &2562800565543475512
Transform:
  m_ObjectHideFlags: 0
  m_CorrespondingSourceObject: {fileID: 0}
  m_PrefabInstance: {fileID: 0}
  m_PrefabAsset: {fileID: 0}
  m_GameObject: {fileID: 2562800565543503196}
  m_LocalRotation: {x: 0.15416096, y: 0.285241, z: 0.112568505, w: 0.93925524}
  m_LocalPosition: {x: -0.02102398, y: -0.020841865, z: 0.011304883}
  m_LocalScale: {x: 1.0000001, y: 1, z: 0.99999994}
  m_Children:
  - {fileID: 2562800565543475506}
  m_Father: {fileID: 2562800565543475518}
  m_RootOrder: 0
  m_LocalEulerAnglesHint: {x: 0, y: 0, z: 0}
--- !u!1 &2562800565543503198
GameObject:
  m_ObjectHideFlags: 0
  m_CorrespondingSourceObject: {fileID: 0}
  m_PrefabInstance: {fileID: 0}
  m_PrefabAsset: {fileID: 0}
  serializedVersion: 6
  m_Component:
  - component: {fileID: 2562800565543475506}
  m_Layer: 0
  m_Name: RigArmLeftFing12
  m_TagString: Untagged
  m_Icon: {fileID: 0}
  m_NavMeshLayer: 0
  m_StaticEditorFlags: 0
  m_IsActive: 1
--- !u!4 &2562800565543475506
Transform:
  m_ObjectHideFlags: 0
  m_CorrespondingSourceObject: {fileID: 0}
  m_PrefabInstance: {fileID: 0}
  m_PrefabAsset: {fileID: 0}
  m_GameObject: {fileID: 2562800565543503198}
  m_LocalRotation: {x: -0.000022705566, y: -0.1597039, z: 0.000015844404, w: 0.987165}
  m_LocalPosition: {x: -0.03159382, y: 0, z: 0.000000019073486}
  m_LocalScale: {x: 0.9999997, y: 1, z: 1.0000005}
  m_Children:
  - {fileID: 2562800565543475500}
  m_Father: {fileID: 2562800565543475512}
  m_RootOrder: 0
  m_LocalEulerAnglesHint: {x: 0, y: 0, z: 0}
--- !u!1 &2562800565543503200
GameObject:
  m_ObjectHideFlags: 0
  m_CorrespondingSourceObject: {fileID: 0}
  m_PrefabInstance: {fileID: 0}
  m_PrefabAsset: {fileID: 0}
  serializedVersion: 6
  m_Component:
  - component: {fileID: 2562800565543475516}
  m_Layer: 0
  m_Name: RigArmLeft2
  m_TagString: Untagged
  m_Icon: {fileID: 0}
  m_NavMeshLayer: 0
  m_StaticEditorFlags: 0
  m_IsActive: 1
--- !u!4 &2562800565543475516
Transform:
  m_ObjectHideFlags: 0
  m_CorrespondingSourceObject: {fileID: 0}
  m_PrefabInstance: {fileID: 0}
  m_PrefabAsset: {fileID: 0}
  m_GameObject: {fileID: 2562800565543503200}
  m_LocalRotation: {x: 0.03689197, y: 0.014993409, z: -0.021100763, w: 0.998984}
  m_LocalPosition: {x: -0.13784939, y: 0.000000023841856, z: -0.000000038146972}
  m_LocalScale: {x: 0.99999994, y: 1, z: 1.0000001}
  m_Children:
  - {fileID: 2562800565543475518}
  m_Father: {fileID: 2562800565543475522}
  m_RootOrder: 0
  m_LocalEulerAnglesHint: {x: 0, y: 0, z: 0}
--- !u!1 &2562800565543503202
GameObject:
  m_ObjectHideFlags: 0
  m_CorrespondingSourceObject: {fileID: 0}
  m_PrefabInstance: {fileID: 0}
  m_PrefabAsset: {fileID: 0}
  serializedVersion: 6
  m_Component:
  - component: {fileID: 2562800565543475518}
  m_Layer: 0
  m_Name: RigArmLeft3
  m_TagString: Untagged
  m_Icon: {fileID: 0}
  m_NavMeshLayer: 0
  m_StaticEditorFlags: 0
  m_IsActive: 1
--- !u!4 &2562800565543475518
Transform:
  m_ObjectHideFlags: 0
  m_CorrespondingSourceObject: {fileID: 0}
  m_PrefabInstance: {fileID: 0}
  m_PrefabAsset: {fileID: 0}
  m_GameObject: {fileID: 2562800565543503202}
  m_LocalRotation: {x: -0.6605855, y: 0.036743585, z: 0.059393927, w: 0.7474952}
  m_LocalPosition: {x: -0.12248317, y: 0.000000026226044, z: -0.000000038146972}
  m_LocalScale: {x: 0.9999999, y: 1.0000001, z: 1.0000001}
  m_Children:
  - {fileID: 2562800565543475512}
  - {fileID: 2562800565543475514}
  - {fileID: 2562800565543475508}
  - {fileID: 2562800565543475510}
  - {fileID: 2562800565543475504}
  m_Father: {fileID: 2562800565543475516}
  m_RootOrder: 0
  m_LocalEulerAnglesHint: {x: 0, y: 0, z: 0}
--- !u!1 &2562800565543503204
GameObject:
  m_ObjectHideFlags: 0
  m_CorrespondingSourceObject: {fileID: 0}
  m_PrefabInstance: {fileID: 0}
  m_PrefabAsset: {fileID: 0}
  serializedVersion: 6
  m_Component:
  - component: {fileID: 2562800565543475524}
  m_Layer: 0
  m_Name: RigArmLeftCollarbone
  m_TagString: Untagged
  m_Icon: {fileID: 0}
  m_NavMeshLayer: 0
  m_StaticEditorFlags: 0
  m_IsActive: 1
--- !u!4 &2562800565543475524
Transform:
  m_ObjectHideFlags: 0
  m_CorrespondingSourceObject: {fileID: 0}
  m_PrefabInstance: {fileID: 0}
  m_PrefabAsset: {fileID: 0}
  m_GameObject: {fileID: 2562800565543503204}
  m_LocalRotation: {x: 0.102075525, y: 0.74840057, z: -0.03576599, w: 0.65436846}
  m_LocalPosition: {x: -0.057447508, y: -0.0077187344, z: 0.012480022}
  m_LocalScale: {x: 1, y: 0.99999994, z: 1}
  m_Children:
  - {fileID: 2562800565543475522}
  m_Father: {fileID: 2562800565543475530}
  m_RootOrder: 0
  m_LocalEulerAnglesHint: {x: 0, y: 0, z: 0}
--- !u!1 &2562800565543503206
GameObject:
  m_ObjectHideFlags: 0
  m_CorrespondingSourceObject: {fileID: 0}
  m_PrefabInstance: {fileID: 0}
  m_PrefabAsset: {fileID: 0}
  serializedVersion: 6
  m_Component:
  - component: {fileID: 2562800565543475522}
  m_Layer: 0
  m_Name: RigArmLeft1
  m_TagString: Untagged
  m_Icon: {fileID: 0}
  m_NavMeshLayer: 0
  m_StaticEditorFlags: 0
  m_IsActive: 1
--- !u!4 &2562800565543475522
Transform:
  m_ObjectHideFlags: 0
  m_CorrespondingSourceObject: {fileID: 0}
  m_PrefabInstance: {fileID: 0}
  m_PrefabAsset: {fileID: 0}
  m_GameObject: {fileID: 2562800565543503206}
  m_LocalRotation: {x: -0.048143372, y: 0.39984727, z: -0.0067823664, w: 0.9152914}
  m_LocalPosition: {x: -0.06763689, y: 0.000000014305114, z: 0.000000076293944}
  m_LocalScale: {x: 1.0000001, y: 1, z: 0.9999999}
  m_Children:
  - {fileID: 2562800565543475516}
  m_Father: {fileID: 2562800565543475524}
  m_RootOrder: 0
  m_LocalEulerAnglesHint: {x: 0, y: 0, z: 0}
--- !u!1 &2562800565543503208
GameObject:
  m_ObjectHideFlags: 0
  m_CorrespondingSourceObject: {fileID: 0}
  m_PrefabInstance: {fileID: 0}
  m_PrefabAsset: {fileID: 0}
  serializedVersion: 6
  m_Component:
  - component: {fileID: 2562800565543475528}
  m_Layer: 0
  m_Name: RigSpine2
  m_TagString: Untagged
  m_Icon: {fileID: 0}
  m_NavMeshLayer: 0
  m_StaticEditorFlags: 0
  m_IsActive: 1
--- !u!4 &2562800565543475528
Transform:
  m_ObjectHideFlags: 0
  m_CorrespondingSourceObject: {fileID: 0}
  m_PrefabInstance: {fileID: 0}
  m_PrefabAsset: {fileID: 0}
  m_GameObject: {fileID: 2562800565543503208}
  m_LocalRotation: {x: -0.000000009292196, y: 0.000000043186013, z: 0.15051039, w: 0.9886084}
  m_LocalPosition: {x: -0.05427078, y: 0, z: -2.842171e-16}
  m_LocalScale: {x: 1.0000001, y: 1, z: 1}
  m_Children:
  - {fileID: 2562800565543475530}
  m_Father: {fileID: 2562800565543475542}
  m_RootOrder: 0
  m_LocalEulerAnglesHint: {x: 0, y: 0, z: 0}
--- !u!1 &2562800565543503210
GameObject:
  m_ObjectHideFlags: 0
  m_CorrespondingSourceObject: {fileID: 0}
  m_PrefabInstance: {fileID: 0}
  m_PrefabAsset: {fileID: 0}
  serializedVersion: 6
  m_Component:
  - component: {fileID: 2562800565543475530}
  m_Layer: 0
  m_Name: RigSpine3
  m_TagString: Untagged
  m_Icon: {fileID: 0}
  m_NavMeshLayer: 0
  m_StaticEditorFlags: 0
  m_IsActive: 1
--- !u!4 &2562800565543475530
Transform:
  m_ObjectHideFlags: 0
  m_CorrespondingSourceObject: {fileID: 0}
  m_PrefabInstance: {fileID: 0}
  m_PrefabAsset: {fileID: 0}
  m_GameObject: {fileID: 2562800565543503210}
  m_LocalRotation: {x: -0.0000000015902499, y: -0.000000029230042, z: 0.038147055,
    w: 0.99927217}
  m_LocalPosition: {x: -0.08321251, y: -0.000000009536743, z: 4.5474734e-15}
  m_LocalScale: {x: 1.0000001, y: 0.99999994, z: 1.0000001}
  m_Children:
  - {fileID: 2562800565543475524}
  - {fileID: 2562800565543475526}
  - {fileID: 2562800565543475520}
  m_Father: {fileID: 2562800565543475528}
  m_RootOrder: 0
  m_LocalEulerAnglesHint: {x: 0, y: 0, z: 0}
--- !u!1 &2562800565543503212
GameObject:
  m_ObjectHideFlags: 0
  m_CorrespondingSourceObject: {fileID: 0}
  m_PrefabInstance: {fileID: 0}
  m_PrefabAsset: {fileID: 0}
  serializedVersion: 6
  m_Component:
  - component: {fileID: 2562800565543475534}
  m_Layer: 0
  m_Name: RigLegRight3
  m_TagString: Untagged
  m_Icon: {fileID: 0}
  m_NavMeshLayer: 0
  m_StaticEditorFlags: 0
  m_IsActive: 1
--- !u!4 &2562800565543475534
Transform:
  m_ObjectHideFlags: 0
  m_CorrespondingSourceObject: {fileID: 0}
  m_PrefabInstance: {fileID: 0}
  m_PrefabAsset: {fileID: 0}
  m_GameObject: {fileID: 2562800565543503212}
  m_LocalRotation: {x: -0.021653192, y: -0.043843642, z: -0.7452739, w: 0.66496295}
  m_LocalPosition: {x: -0.24112545, y: 0.000000009536743, z: -0.000000009536743}
  m_LocalScale: {x: 0.99999994, y: 0.99999994, z: 0.9999998}
  m_Children: []
  m_Father: {fileID: 2562800565543475532}
  m_RootOrder: 0
  m_LocalEulerAnglesHint: {x: 0, y: 0, z: 0}
--- !u!1 &2562800565543503214
GameObject:
  m_ObjectHideFlags: 0
  m_CorrespondingSourceObject: {fileID: 0}
  m_PrefabInstance: {fileID: 0}
  m_PrefabAsset: {fileID: 0}
  serializedVersion: 6
  m_Component:
  - component: {fileID: 2562800565543475542}
  m_Layer: 0
  m_Name: RigSpine1
  m_TagString: Untagged
  m_Icon: {fileID: 0}
  m_NavMeshLayer: 0
  m_StaticEditorFlags: 0
  m_IsActive: 1
--- !u!4 &2562800565543475542
Transform:
  m_ObjectHideFlags: 0
  m_CorrespondingSourceObject: {fileID: 0}
  m_PrefabInstance: {fileID: 0}
  m_PrefabAsset: {fileID: 0}
  m_GameObject: {fileID: 2562800565543503214}
  m_LocalRotation: {x: 0.0000000031641672, y: 0.0000000033409677, z: -0.073850006,
    w: 0.9972694}
  m_LocalPosition: {x: -0.039542846, y: -0.0000008833408, z: -4.2027465e-11}
  m_LocalScale: {x: 1, y: 1.0000001, z: 0.99999994}
  m_Children:
  - {fileID: 2562800565543475528}
  m_Father: {fileID: 2562800565543475550}
  m_RootOrder: 2
  m_LocalEulerAnglesHint: {x: 0, y: 0, z: 0}
--- !u!1 &2562800565543503216
GameObject:
  m_ObjectHideFlags: 0
  m_CorrespondingSourceObject: {fileID: 0}
  m_PrefabInstance: {fileID: 0}
  m_PrefabAsset: {fileID: 0}
  serializedVersion: 6
  m_Component:
  - component: {fileID: 2562800565543475540}
  m_Layer: 0
  m_Name: RigLegRight1
  m_TagString: Untagged
  m_Icon: {fileID: 0}
  m_NavMeshLayer: 0
  m_StaticEditorFlags: 0
  m_IsActive: 1
--- !u!4 &2562800565543475540
Transform:
  m_ObjectHideFlags: 0
  m_CorrespondingSourceObject: {fileID: 0}
  m_PrefabInstance: {fileID: 0}
  m_PrefabAsset: {fileID: 0}
  m_GameObject: {fileID: 2562800565543503216}
  m_LocalRotation: {x: 0.029486908, y: 0.9983658, z: -0.046789788, w: -0.014386998}
  m_LocalPosition: {x: -0, y: 0, z: -0.047994237}
  m_LocalScale: {x: 0.99999994, y: 1, z: 1}
  m_Children:
  - {fileID: 2562800565543475532}
  m_Father: {fileID: 2562800565543475550}
  m_RootOrder: 1
  m_LocalEulerAnglesHint: {x: 0, y: 0, z: 0}
--- !u!1 &2562800565543503218
GameObject:
  m_ObjectHideFlags: 0
  m_CorrespondingSourceObject: {fileID: 0}
  m_PrefabInstance: {fileID: 0}
  m_PrefabAsset: {fileID: 0}
  serializedVersion: 6
  m_Component:
  - component: {fileID: 2562800565543475532}
  m_Layer: 0
  m_Name: RigLegRight2
  m_TagString: Untagged
  m_Icon: {fileID: 0}
  m_NavMeshLayer: 0
  m_StaticEditorFlags: 0
  m_IsActive: 1
--- !u!4 &2562800565543475532
Transform:
  m_ObjectHideFlags: 0
  m_CorrespondingSourceObject: {fileID: 0}
  m_PrefabInstance: {fileID: 0}
  m_PrefabAsset: {fileID: 0}
  m_GameObject: {fileID: 2562800565543503218}
  m_LocalRotation: {x: -0.00087660126, y: 0.002606429, z: 0.02708445, w: 0.9996294}
  m_LocalPosition: {x: -0.2319977, y: -0.00000005483627, z: -0.000000014305114}
  m_LocalScale: {x: 1.0000002, y: 1.0000001, z: 1.0000001}
  m_Children:
  - {fileID: 2562800565543475534}
  m_Father: {fileID: 2562800565543475540}
  m_RootOrder: 0
  m_LocalEulerAnglesHint: {x: 0, y: 0, z: 0}
--- !u!1 &2562800565543503220
GameObject:
  m_ObjectHideFlags: 0
  m_CorrespondingSourceObject: {fileID: 0}
  m_PrefabInstance: {fileID: 0}
  m_PrefabAsset: {fileID: 0}
  serializedVersion: 6
  m_Component:
  - component: {fileID: 2562800565543475536}
  m_Layer: 0
  m_Name: RigLegLeft2
  m_TagString: Untagged
  m_Icon: {fileID: 0}
  m_NavMeshLayer: 0
  m_StaticEditorFlags: 0
  m_IsActive: 1
--- !u!4 &2562800565543475536
Transform:
  m_ObjectHideFlags: 0
  m_CorrespondingSourceObject: {fileID: 0}
  m_PrefabInstance: {fileID: 0}
  m_PrefabAsset: {fileID: 0}
  m_GameObject: {fileID: 2562800565543503220}
  m_LocalRotation: {x: 0.0008756032, y: -0.0026281145, z: 0.02750046, w: 0.999618}
  m_LocalPosition: {x: -0.23199765, y: -0.00000005483627, z: 0.000000019073486}
  m_LocalScale: {x: 1.0000002, y: 1.0000001, z: 0.9999999}
  m_Children:
  - {fileID: 2562800565543475538}
  m_Father: {fileID: 2562800565543475546}
  m_RootOrder: 0
  m_LocalEulerAnglesHint: {x: 0, y: 0, z: 0}
--- !u!1 &2562800565543503222
GameObject:
  m_ObjectHideFlags: 0
  m_CorrespondingSourceObject: {fileID: 0}
  m_PrefabInstance: {fileID: 0}
  m_PrefabAsset: {fileID: 0}
  serializedVersion: 6
  m_Component:
  - component: {fileID: 2562800565543475538}
  m_Layer: 0
  m_Name: RigLegLeft3
  m_TagString: Untagged
  m_Icon: {fileID: 0}
  m_NavMeshLayer: 0
  m_StaticEditorFlags: 0
  m_IsActive: 1
--- !u!4 &2562800565543475538
Transform:
  m_ObjectHideFlags: 0
  m_CorrespondingSourceObject: {fileID: 0}
  m_PrefabInstance: {fileID: 0}
  m_PrefabAsset: {fileID: 0}
  m_GameObject: {fileID: 2562800565543503222}
  m_LocalRotation: {x: 0.021653974, y: 0.043846976, z: -0.7455499, w: 0.6646532}
  m_LocalPosition: {x: -0.24112545, y: 0, z: 0}
  m_LocalScale: {x: 0.99999994, y: 0.99999976, z: 1.0000002}
  m_Children: []
  m_Father: {fileID: 2562800565543475536}
  m_RootOrder: 0
  m_LocalEulerAnglesHint: {x: 0, y: 0, z: 0}
--- !u!1 &2562800565543503224
GameObject:
  m_ObjectHideFlags: 0
  m_CorrespondingSourceObject: {fileID: 0}
  m_PrefabInstance: {fileID: 0}
  m_PrefabAsset: {fileID: 0}
  serializedVersion: 6
  m_Component:
  - component: {fileID: 2562800565543475544}
  - component: {fileID: 2562800565548779554}
  m_Layer: 0
  m_Name: Soldier
  m_TagString: Untagged
  m_Icon: {fileID: 0}
  m_NavMeshLayer: 0
  m_StaticEditorFlags: 0
  m_IsActive: 1
--- !u!4 &2562800565543475544
Transform:
  m_ObjectHideFlags: 0
  m_CorrespondingSourceObject: {fileID: 0}
  m_PrefabInstance: {fileID: 0}
  m_PrefabAsset: {fileID: 0}
  m_GameObject: {fileID: 2562800565543503224}
  m_LocalRotation: {x: 0.000000021855694, y: 0, z: 0, w: 1}
  m_LocalPosition: {x: 0, y: 0, z: 0}
  m_LocalScale: {x: 1, y: 1, z: 1}
  m_Children: []
  m_Father: {fileID: 2562800565543475554}
  m_RootOrder: 2
  m_LocalEulerAnglesHint: {x: 0, y: 0, z: 0}
--- !u!137 &2562800565548779554
SkinnedMeshRenderer:
  m_ObjectHideFlags: 0
  m_CorrespondingSourceObject: {fileID: 0}
  m_PrefabInstance: {fileID: 0}
  m_PrefabAsset: {fileID: 0}
  m_GameObject: {fileID: 2562800565543503224}
  m_Enabled: 1
  m_CastShadows: 0
  m_ReceiveShadows: 1
  m_DynamicOccludee: 1
  m_MotionVectors: 1
  m_LightProbeUsage: 0
  m_ReflectionProbeUsage: 1
  m_RayTracingMode: 0
  m_RenderingLayerMask: 1
  m_RendererPriority: 0
  m_Materials:
  - {fileID: 2100000, guid: dac90dffb710eee4b9825779200b556d, type: 2}
  m_StaticBatchInfo:
    firstSubMesh: 0
    subMeshCount: 0
  m_StaticBatchRoot: {fileID: 0}
  m_ProbeAnchor: {fileID: 0}
  m_LightProbeVolumeOverride: {fileID: 0}
  m_ScaleInLightmap: 1
  m_ReceiveGI: 1
  m_PreserveUVs: 0
  m_IgnoreNormalsForChartDetection: 0
  m_ImportantGI: 0
  m_StitchLightmapSeams: 1
  m_SelectedEditorRenderState: 3
  m_MinimumChartSize: 4
  m_AutoUVMaxDistance: 0.5
  m_AutoUVMaxAngle: 89
  m_LightmapParameters: {fileID: 0}
  m_SortingLayerID: 0
  m_SortingLayer: 0
  m_SortingOrder: 0
  serializedVersion: 2
  m_Quality: 0
  m_UpdateWhenOffscreen: 0
  m_SkinnedMotionVectors: 1
  m_Mesh: {fileID: 4300000, guid: a55b75e1bbafd1241b488997bb65464c, type: 3}
  m_Bones:
  - {fileID: 2562800565543475550}
  - {fileID: 2562800565543475542}
  - {fileID: 2562800565543475490}
  - {fileID: 2562800565543475526}
  - {fileID: 2562800565543475530}
  - {fileID: 2562800565543475520}
  - {fileID: 2562800565543475528}
  - {fileID: 2562800565543475458}
  - {fileID: 2562800565543475484}
  - {fileID: 2562800565543475540}
  - {fileID: 2562800565543475532}
  - {fileID: 2562800565543475546}
  - {fileID: 2562800565543475486}
  - {fileID: 2562800565543475456}
  - {fileID: 2562800565543475478}
  - {fileID: 2562800565543475462}
  - {fileID: 2562800565543475480}
  - {fileID: 2562800565543475474}
  - {fileID: 2562800565543475482}
  - {fileID: 2562800565543475470}
  - {fileID: 2562800565543475460}
  - {fileID: 2562800565543475468}
  - {fileID: 2562800565543475464}
  - {fileID: 2562800565543475476}
  - {fileID: 2562800565543475466}
  - {fileID: 2562800565543475534}
  - {fileID: 2562800565543475472}
  - {fileID: 2562800565543475522}
  - {fileID: 2562800565543475524}
  - {fileID: 2562800565543475516}
  - {fileID: 2562800565543475536}
  - {fileID: 2562800565543475518}
  - {fileID: 2562800565543475488}
  - {fileID: 2562800565543475510}
  - {fileID: 2562800565543475494}
  - {fileID: 2562800565543475512}
  - {fileID: 2562800565543475506}
  - {fileID: 2562800565543475514}
  - {fileID: 2562800565543475502}
  - {fileID: 2562800565543475492}
  - {fileID: 2562800565543475500}
  - {fileID: 2562800565543475496}
  - {fileID: 2562800565543475508}
  - {fileID: 2562800565543475498}
  - {fileID: 2562800565543475538}
  - {fileID: 2562800565543475504}
  m_BlendShapeWeights: []
  m_RootBone: {fileID: 2562800565543475550}
  m_AABB:
    m_Center: {x: 0.051279515, y: -0.010891005, z: 0.00000020861626}
    m_Extent: {x: 0.46885136, y: 0.09929618, z: 0.27795073}
  m_DirtyAABB: 0
--- !u!1 &2562800565543503226
GameObject:
  m_ObjectHideFlags: 0
  m_CorrespondingSourceObject: {fileID: 0}
  m_PrefabInstance: {fileID: 0}
  m_PrefabAsset: {fileID: 0}
  serializedVersion: 6
  m_Component:
  - component: {fileID: 2562800565543475546}
  m_Layer: 0
  m_Name: RigLegLeft1
  m_TagString: Untagged
  m_Icon: {fileID: 0}
  m_NavMeshLayer: 0
  m_StaticEditorFlags: 0
  m_IsActive: 1
--- !u!4 &2562800565543475546
Transform:
  m_ObjectHideFlags: 0
  m_CorrespondingSourceObject: {fileID: 0}
  m_PrefabInstance: {fileID: 0}
  m_PrefabAsset: {fileID: 0}
  m_GameObject: {fileID: 2562800565543503226}
  m_LocalRotation: {x: 0.029484876, y: 0.998366, z: 0.046786875, w: 0.014386804}
  m_LocalPosition: {x: -0, y: 0, z: 0.047994226}
  m_LocalScale: {x: 1, y: 1, z: 0.99999994}
  m_Children:
  - {fileID: 2562800565543475536}
  m_Father: {fileID: 2562800565543475550}
  m_RootOrder: 0
  m_LocalEulerAnglesHint: {x: 0, y: 0, z: 0}
--- !u!1 &2562800565543503228
GameObject:
  m_ObjectHideFlags: 0
  m_CorrespondingSourceObject: {fileID: 0}
  m_PrefabInstance: {fileID: 0}
  m_PrefabAsset: {fileID: 0}
  serializedVersion: 6
  m_Component:
  - component: {fileID: 2562800565543475548}
  m_Layer: 0
  m_Name: Rig
  m_TagString: Untagged
  m_Icon: {fileID: 0}
  m_NavMeshLayer: 0
  m_StaticEditorFlags: 0
  m_IsActive: 1
--- !u!4 &2562800565543475548
Transform:
  m_ObjectHideFlags: 0
  m_CorrespondingSourceObject: {fileID: 0}
  m_PrefabInstance: {fileID: 0}
  m_PrefabAsset: {fileID: 0}
  m_GameObject: {fileID: 2562800565543503228}
  m_LocalRotation: {x: 0.50000006, y: -0.5, z: -0.4999999, w: 0.5}
  m_LocalPosition: {x: 0, y: 0, z: 0}
  m_LocalScale: {x: 2, y: 2, z: 2}
  m_Children: []
  m_Father: {fileID: 2562800565543475554}
  m_RootOrder: 0
  m_LocalEulerAnglesHint: {x: 0, y: 0, z: 0}
--- !u!1 &2562800565543503230
GameObject:
  m_ObjectHideFlags: 0
  m_CorrespondingSourceObject: {fileID: 0}
  m_PrefabInstance: {fileID: 0}
  m_PrefabAsset: {fileID: 0}
  serializedVersion: 6
  m_Component:
  - component: {fileID: 2562800565543475550}
  m_Layer: 0
  m_Name: RigAss
  m_TagString: Untagged
  m_Icon: {fileID: 0}
  m_NavMeshLayer: 0
  m_StaticEditorFlags: 0
  m_IsActive: 1
--- !u!4 &2562800565543475550
Transform:
  m_ObjectHideFlags: 0
  m_CorrespondingSourceObject: {fileID: 0}
  m_PrefabInstance: {fileID: 0}
  m_PrefabAsset: {fileID: 0}
  m_GameObject: {fileID: 2562800565543503230}
  m_LocalRotation: {x: 0.50000006, y: -0.5, z: -0.4999999, w: 0.5}
  m_LocalPosition: {x: 0, y: 0.495, z: 0}
  m_LocalScale: {x: 1, y: 1, z: 1}
  m_Children:
  - {fileID: 2562800565543475546}
  - {fileID: 2562800565543475540}
  - {fileID: 2562800565543475542}
  m_Father: {fileID: 2562800565543475554}
  m_RootOrder: 1
  m_LocalEulerAnglesHint: {x: 0, y: 0, z: 0}
--- !u!1 &2572186418676461527
GameObject:
  m_ObjectHideFlags: 0
  m_CorrespondingSourceObject: {fileID: 0}
  m_PrefabInstance: {fileID: 0}
  m_PrefabAsset: {fileID: 0}
  serializedVersion: 6
  m_Component:
  - component: {fileID: 6616418681045660997}
  - component: {fileID: 5263965692013310021}
  - component: {fileID: 4548709089998952929}
  - component: {fileID: 6894446801384416050}
  - component: {fileID: 1246658161587271147}
  m_Layer: 0
  m_Name: comprovaGrounded
  m_TagString: Untagged
  m_Icon: {fileID: 0}
  m_NavMeshLayer: 0
  m_StaticEditorFlags: 0
  m_IsActive: 1
--- !u!4 &6616418681045660997
Transform:
  m_ObjectHideFlags: 0
  m_CorrespondingSourceObject: {fileID: 0}
  m_PrefabInstance: {fileID: 0}
  m_PrefabAsset: {fileID: 0}
  m_GameObject: {fileID: 2572186418676461527}
  m_LocalRotation: {x: -0, y: -0, z: -0, w: 1}
  m_LocalPosition: {x: 0, y: 0, z: 0}
  m_LocalScale: {x: 0.1815075, y: 0.101955, z: 0.1606275}
  m_Children: []
  m_Father: {fileID: 2562800565543475554}
  m_RootOrder: 7
  m_LocalEulerAnglesHint: {x: 0, y: 0, z: 0}
--- !u!33 &5263965692013310021
MeshFilter:
  m_ObjectHideFlags: 0
  m_CorrespondingSourceObject: {fileID: 0}
  m_PrefabInstance: {fileID: 0}
  m_PrefabAsset: {fileID: 0}
  m_GameObject: {fileID: 2572186418676461527}
  m_Mesh: {fileID: 10202, guid: 0000000000000000e000000000000000, type: 0}
--- !u!23 &4548709089998952929
MeshRenderer:
  m_ObjectHideFlags: 0
  m_CorrespondingSourceObject: {fileID: 0}
  m_PrefabInstance: {fileID: 0}
  m_PrefabAsset: {fileID: 0}
  m_GameObject: {fileID: 2572186418676461527}
  m_Enabled: 0
  m_CastShadows: 1
  m_ReceiveShadows: 1
  m_DynamicOccludee: 1
  m_MotionVectors: 1
  m_LightProbeUsage: 1
  m_ReflectionProbeUsage: 1
  m_RayTracingMode: 2
  m_RenderingLayerMask: 1
  m_RendererPriority: 0
  m_Materials:
  - {fileID: 10303, guid: 0000000000000000f000000000000000, type: 0}
  m_StaticBatchInfo:
    firstSubMesh: 0
    subMeshCount: 0
  m_StaticBatchRoot: {fileID: 0}
  m_ProbeAnchor: {fileID: 0}
  m_LightProbeVolumeOverride: {fileID: 0}
  m_ScaleInLightmap: 1
  m_ReceiveGI: 1
  m_PreserveUVs: 0
  m_IgnoreNormalsForChartDetection: 0
  m_ImportantGI: 0
  m_StitchLightmapSeams: 1
  m_SelectedEditorRenderState: 3
  m_MinimumChartSize: 4
  m_AutoUVMaxDistance: 0.5
  m_AutoUVMaxAngle: 89
  m_LightmapParameters: {fileID: 0}
  m_SortingLayerID: 0
  m_SortingLayer: 0
  m_SortingOrder: 0
--- !u!65 &6894446801384416050
BoxCollider:
  m_ObjectHideFlags: 0
  m_CorrespondingSourceObject: {fileID: 0}
  m_PrefabInstance: {fileID: 0}
  m_PrefabAsset: {fileID: 0}
  m_GameObject: {fileID: 2572186418676461527}
  m_Material: {fileID: 0}
  m_IsTrigger: 1
  m_Enabled: 1
  serializedVersion: 2
  m_Size: {x: 1, y: 1, z: 1}
  m_Center: {x: 0, y: 0, z: 0}
--- !u!114 &1246658161587271147
MonoBehaviour:
  m_ObjectHideFlags: 0
  m_CorrespondingSourceObject: {fileID: 0}
  m_PrefabInstance: {fileID: 0}
  m_PrefabAsset: {fileID: 0}
  m_GameObject: {fileID: 2572186418676461527}
  m_Enabled: 1
  m_EditorHideFlags: 0
  m_Script: {fileID: 11500000, guid: e9f466ab21aed7e4b905e9fabe2dd41e, type: 3}
  m_Name: 
  m_EditorClassIdentifier: 
--- !u!1 &6211997669121543612
GameObject:
  m_ObjectHideFlags: 0
  m_CorrespondingSourceObject: {fileID: 0}
  m_PrefabInstance: {fileID: 0}
  m_PrefabAsset: {fileID: 0}
  serializedVersion: 6
  m_Component:
  - component: {fileID: 2271662746432493505}
  - component: {fileID: 6654602345853612677}
  m_Layer: 0
  m_Name: ComprovarPrecipici
  m_TagString: Untagged
  m_Icon: {fileID: 0}
  m_NavMeshLayer: 0
  m_StaticEditorFlags: 0
  m_IsActive: 1
--- !u!4 &2271662746432493505
Transform:
  m_ObjectHideFlags: 0
  m_CorrespondingSourceObject: {fileID: 0}
  m_PrefabInstance: {fileID: 0}
  m_PrefabAsset: {fileID: 0}
  m_GameObject: {fileID: 6211997669121543612}
  m_LocalRotation: {x: -0, y: -0, z: -0, w: 1}
  m_LocalPosition: {x: 0, y: 0, z: 0.5}
  m_LocalScale: {x: 1, y: 1, z: 1}
  m_Children: []
  m_Father: {fileID: 2562800565543475554}
  m_RootOrder: 6
  m_LocalEulerAnglesHint: {x: 0, y: 0, z: 0}
--- !u!114 &6654602345853612677
MonoBehaviour:
  m_ObjectHideFlags: 0
  m_CorrespondingSourceObject: {fileID: 0}
  m_PrefabInstance: {fileID: 0}
  m_PrefabAsset: {fileID: 0}
  m_GameObject: {fileID: 6211997669121543612}
  m_Enabled: 1
  m_EditorHideFlags: 0
  m_Script: {fileID: 11500000, guid: 217dfbfe786265440b5f64859c928301, type: 3}
  m_Name: 
  m_EditorClassIdentifier: 
  exclamacioCenital: {fileID: 0}
  exclamacioLateral: {fileID: 0}
--- !u!1 &7398957764611768290
GameObject:
  m_ObjectHideFlags: 0
  m_CorrespondingSourceObject: {fileID: 0}
  m_PrefabInstance: {fileID: 0}
  m_PrefabAsset: {fileID: 0}
  serializedVersion: 6
  m_Component:
  - component: {fileID: 1765249619158395130}
  - component: {fileID: 2343490362375668196}
  - component: {fileID: 2912822291820632662}
  - component: {fileID: 4551000629796877245}
  - component: {fileID: 1204348519126292698}
  m_Layer: 0
  m_Name: HitBox1
  m_TagString: Untagged
  m_Icon: {fileID: 0}
  m_NavMeshLayer: 0
  m_StaticEditorFlags: 0
  m_IsActive: 0
--- !u!4 &1765249619158395130
Transform:
  m_ObjectHideFlags: 0
  m_CorrespondingSourceObject: {fileID: 0}
  m_PrefabInstance: {fileID: 0}
  m_PrefabAsset: {fileID: 0}
  m_GameObject: {fileID: 7398957764611768290}
  m_LocalRotation: {x: 0, y: 0, z: 0, w: 1}
  m_LocalPosition: {x: 3.88, y: -7.28, z: 3.85}
  m_LocalScale: {x: 1, y: 1, z: 1}
  m_Children: []
  m_Father: {fileID: 4641790963804156032}
  m_RootOrder: 0
  m_LocalEulerAnglesHint: {x: 0, y: 0, z: 0}
--- !u!33 &2343490362375668196
MeshFilter:
  m_ObjectHideFlags: 0
  m_CorrespondingSourceObject: {fileID: 0}
  m_PrefabInstance: {fileID: 0}
  m_PrefabAsset: {fileID: 0}
  m_GameObject: {fileID: 7398957764611768290}
  m_Mesh: {fileID: 10207, guid: 0000000000000000e000000000000000, type: 0}
--- !u!23 &2912822291820632662
MeshRenderer:
  m_ObjectHideFlags: 0
  m_CorrespondingSourceObject: {fileID: 0}
  m_PrefabInstance: {fileID: 0}
  m_PrefabAsset: {fileID: 0}
  m_GameObject: {fileID: 7398957764611768290}
  m_Enabled: 1
  m_CastShadows: 1
  m_ReceiveShadows: 1
  m_DynamicOccludee: 1
  m_MotionVectors: 1
  m_LightProbeUsage: 1
  m_ReflectionProbeUsage: 1
  m_RayTracingMode: 2
  m_RenderingLayerMask: 1
  m_RendererPriority: 0
  m_Materials:
  - {fileID: 2100000, guid: 0d0ba7d2eae5d994eabeb6c41feec98d, type: 2}
  m_StaticBatchInfo:
    firstSubMesh: 0
    subMeshCount: 0
  m_StaticBatchRoot: {fileID: 0}
  m_ProbeAnchor: {fileID: 0}
  m_LightProbeVolumeOverride: {fileID: 0}
  m_ScaleInLightmap: 1
  m_ReceiveGI: 1
  m_PreserveUVs: 0
  m_IgnoreNormalsForChartDetection: 0
  m_ImportantGI: 0
  m_StitchLightmapSeams: 1
  m_SelectedEditorRenderState: 3
  m_MinimumChartSize: 4
  m_AutoUVMaxDistance: 0.5
  m_AutoUVMaxAngle: 89
  m_LightmapParameters: {fileID: 0}
  m_SortingLayerID: 0
  m_SortingLayer: 0
  m_SortingOrder: 0
--- !u!135 &4551000629796877245
SphereCollider:
  m_ObjectHideFlags: 0
  m_CorrespondingSourceObject: {fileID: 0}
  m_PrefabInstance: {fileID: 0}
  m_PrefabAsset: {fileID: 0}
  m_GameObject: {fileID: 7398957764611768290}
  m_Material: {fileID: 0}
  m_IsTrigger: 1
  m_Enabled: 1
  serializedVersion: 2
  m_Radius: 0.5
  m_Center: {x: 0, y: 0, z: 0}
--- !u!114 &1204348519126292698
MonoBehaviour:
  m_ObjectHideFlags: 0
  m_CorrespondingSourceObject: {fileID: 0}
  m_PrefabInstance: {fileID: 0}
  m_PrefabAsset: {fileID: 0}
  m_GameObject: {fileID: 7398957764611768290}
  m_Enabled: 1
  m_EditorHideFlags: 0
  m_Script: {fileID: 11500000, guid: 4a7ac505cb17d85418999109f25d12e8, type: 3}
  m_Name: 
  m_EditorClassIdentifier: 
--- !u!1 &8796643134640184895
GameObject:
  m_ObjectHideFlags: 0
  m_CorrespondingSourceObject: {fileID: 0}
  m_PrefabInstance: {fileID: 0}
  m_PrefabAsset: {fileID: 0}
  serializedVersion: 6
  m_Component:
  - component: {fileID: 748232465843936192}
  - component: {fileID: 1850324007882527229}
  - component: {fileID: 3172933529003669938}
  m_Layer: 0
  m_Name: HurtBox
  m_TagString: Untagged
  m_Icon: {fileID: 0}
  m_NavMeshLayer: 0
  m_StaticEditorFlags: 0
  m_IsActive: 1
--- !u!4 &748232465843936192
Transform:
  m_ObjectHideFlags: 0
  m_CorrespondingSourceObject: {fileID: 0}
  m_PrefabInstance: {fileID: 0}
  m_PrefabAsset: {fileID: 0}
  m_GameObject: {fileID: 8796643134640184895}
  m_LocalRotation: {x: 0, y: 0, z: 0, w: 1}
  m_LocalPosition: {x: -0.18, y: 0, z: 0.039}
  m_LocalScale: {x: 1, y: 1, z: 1}
  m_Children: []
  m_Father: {fileID: 2562800565543475554}
  m_RootOrder: 4
  m_LocalEulerAnglesHint: {x: 0, y: 0, z: 0}
--- !u!114 &1850324007882527229
MonoBehaviour:
  m_ObjectHideFlags: 0
  m_CorrespondingSourceObject: {fileID: 0}
  m_PrefabInstance: {fileID: 0}
  m_PrefabAsset: {fileID: 0}
  m_GameObject: {fileID: 8796643134640184895}
  m_Enabled: 1
  m_EditorHideFlags: 0
  m_Script: {fileID: 11500000, guid: fdbbbf435e24cab4b8bbb0c371af9c28, type: 3}
  m_Name: 
  m_EditorClassIdentifier: 
--- !u!136 &3172933529003669938
CapsuleCollider:
  m_ObjectHideFlags: 0
  m_CorrespondingSourceObject: {fileID: 0}
  m_PrefabInstance: {fileID: 0}
  m_PrefabAsset: {fileID: 0}
  m_GameObject: {fileID: 8796643134640184895}
  m_Material: {fileID: 0}
  m_IsTrigger: 1
  m_Enabled: 1
  m_Radius: 0.2857763
  m_Height: 1.1914513
  m_Direction: 1
  m_Center: {x: 0.15816063, y: 0.433133, z: -0.056063086}
--- !u!1001 &8439515902397201707
PrefabInstance:
  m_ObjectHideFlags: 0
  serializedVersion: 2
  m_Modification:
    m_TransformParent: {fileID: 2562800565543475554}
    m_Modifications:
    - target: {fileID: 100002, guid: 28a5e79925e3ce04a82856c16a572cbe, type: 3}
      propertyPath: m_Name
      value: BlobShadowProjector
      objectReference: {fileID: 0}
    - target: {fileID: 400002, guid: 28a5e79925e3ce04a82856c16a572cbe, type: 3}
      propertyPath: m_LocalPosition.x
      value: 0
      objectReference: {fileID: 0}
    - target: {fileID: 400002, guid: 28a5e79925e3ce04a82856c16a572cbe, type: 3}
      propertyPath: m_LocalPosition.y
      value: 1.849
      objectReference: {fileID: 0}
    - target: {fileID: 400002, guid: 28a5e79925e3ce04a82856c16a572cbe, type: 3}
      propertyPath: m_LocalPosition.z
      value: 0.213
      objectReference: {fileID: 0}
    - target: {fileID: 400002, guid: 28a5e79925e3ce04a82856c16a572cbe, type: 3}
      propertyPath: m_LocalRotation.x
      value: 0.75157696
      objectReference: {fileID: 0}
    - target: {fileID: 400002, guid: 28a5e79925e3ce04a82856c16a572cbe, type: 3}
      propertyPath: m_LocalRotation.y
      value: 0
      objectReference: {fileID: 0}
    - target: {fileID: 400002, guid: 28a5e79925e3ce04a82856c16a572cbe, type: 3}
      propertyPath: m_LocalRotation.z
      value: 0
      objectReference: {fileID: 0}
    - target: {fileID: 400002, guid: 28a5e79925e3ce04a82856c16a572cbe, type: 3}
      propertyPath: m_LocalRotation.w
      value: 0.6596455
      objectReference: {fileID: 0}
    - target: {fileID: 400002, guid: 28a5e79925e3ce04a82856c16a572cbe, type: 3}
      propertyPath: m_RootOrder
      value: 5
      objectReference: {fileID: 0}
    - target: {fileID: 400002, guid: 28a5e79925e3ce04a82856c16a572cbe, type: 3}
      propertyPath: m_LocalEulerAnglesHint.x
      value: 0
      objectReference: {fileID: 0}
    - target: {fileID: 400002, guid: 28a5e79925e3ce04a82856c16a572cbe, type: 3}
      propertyPath: m_LocalEulerAnglesHint.y
      value: 0
      objectReference: {fileID: 0}
    - target: {fileID: 400002, guid: 28a5e79925e3ce04a82856c16a572cbe, type: 3}
      propertyPath: m_LocalEulerAnglesHint.z
      value: 0
      objectReference: {fileID: 0}
    - target: {fileID: 11900000, guid: 28a5e79925e3ce04a82856c16a572cbe, type: 3}
      propertyPath: m_FieldOfView
      value: 15
      objectReference: {fileID: 0}
    - target: {fileID: 11900000, guid: 28a5e79925e3ce04a82856c16a572cbe, type: 3}
      propertyPath: m_FarClipPlane
      value: 30
      objectReference: {fileID: 0}
    m_RemovedComponents: []
  m_SourcePrefab: {fileID: 100100000, guid: 28a5e79925e3ce04a82856c16a572cbe, type: 3}
--- !u!4 &8439515902397065129 stripped
Transform:
  m_CorrespondingSourceObject: {fileID: 400002, guid: 28a5e79925e3ce04a82856c16a572cbe,
    type: 3}
  m_PrefabInstance: {fileID: 8439515902397201707}
  m_PrefabAsset: {fileID: 0}
